1742 3067
386 158 462 235 96
547 158 648 214 m
701 156 786 213 M.
840 152 1432 211 ANTONIUM

380 276 572 339 regem
609 259 815 318 liceret.
861 263 957 335 Sp.
980 254 1207 331 Caffius,
1234 260 1327 334 Sp.
1356 250 1593 330 Melius,

385 353 471 407 M.
501 344 745 405 Manlius
776 358 1005 422 propter
1042 338 1399 421 suspicionem
1428 342 1595 416 regni

383 431 689 531 appetendi·
690 428 818 487 sunt
833 428 1034 487 necati.
1084 430 1139 485 hi
1156 427 1319 505 primi
1332 444 1453 485 cum
1463 425 1591 502 gla-

383 518 513 591 diis,
540 536 735 575 nonin
759 534 988 593 regnum
1020 526 1390 593 appetentem,
1412 511 1587 573 sedin

379 603 985 680 regnantem-impetum
1000 597 1267 657 fecerunt.
1284 598 1436 678 quod
1450 614 1586 659 rcum

379 686 560 775 ipsum
575 687 774 747 saecum
801 706 900 767 per
927 683 985 743 se
1014 684 1347 763 praeclarum
1368 682 1466 757 est,
1498 700 1591 743 at-

382 794 495 853 que
509 774 782 846 divinum,
812 787 933 830 tum
942 768 1251 849 expolitum
1272 768 1373 829 ad
1358 771 1589 829 imitan-

379 860 550 921 dum·
587 856 899 939 praesertim
922 876 1049 915 cum
1078 856 1183 915 illi
1197 876 1317 915 eam
1349 855 1591 957 gloriam

383 943 664 1005 consecuti
685 943 813 1017 sint,
843 962 984 1021 quae
1012 943 1113 1001 vix
1126 940 1286 1002 coelo
1300 962 1421 1022 capi
1401 938 1593 1022 poffe

383 1030 660 1091 videatur.
705 1029 800 1089 etfi
822 1029 973 1087 enim
994 1026 1161 1087 satis’
1144 1049 1205 1087 ιιι
1227 1025 1342 1107 ipsa
1364 1024 1613 1088 consci-

385 1118 537 1177 entia
567 1114 915 1196 pulcherrimi
937 1112 1063 1173 faeti
1082 1113 1291 1173 frueius
1322 1128 1461 1189 erat,
1500 1128 1591 1173 ta-

383 1224 514 1265 men
551 1201 772 1263 mortali
803 1199 1271 1260 immortalitatem
1294 1219 1415 1259 non
1436 1201 1591 1259 arbi-

383 1305 508 1351 tror
527 1285 1010 1349 contemnendam.
1144 1284 1451 1347 Recordare
1478 1287 1589 1363 igi-
1618 1319 1643 1362 4
1650 1315 1676 1359 5

388 1391 480 1435 tur
499 1374 676 1448 illum,
701 1378 787 1433 M.
806 1372 1051 1448 Antoni,
1076 1368 1247 1447 diem,
1268 1391 1383 1451 quo
1412 1368 1589 1431 dieta-

385 1476 566 1521 turam
581 1456 856 1521 sustulisti:
882 1477 1031 1539 pone
1058 1472 1188 1517 ante
1210 1457 1401 1517 oculos
1425 1456 1589 1517 laeti-

383 1549 520 1607 tiam
541 1545 780 1620 senatuz,
802 1544 1104 1625 populique
1134 1544 1403 1604 Romani=
1439 1562 1587 1603 con·

385 1632 468 1694 fer
489 1654 614 1693 cum
635 1631 1041 1691 nundinatione
1068 1643 1187 1705 tua,
1210 1645 1547 1708 tuorumque
1562 1652 1585 1690 ε

385 1733 508 1779 tum
523 1716 818 1795 intelliges,
839 1730 1117 1796 quantum
1132 1716 1279 1775 ‘mter
1290 1713 1517 1775 'laudem
1526 1730 1589 1776 et

385 1804 600 1865 lucrum
634 1798 866 1863 interfit.
920 1800 1013 1863 sed
1034 1802 1321 1875 nimirum,
1361 1816 1427 1860 ut
1455 1802 1587 1879 qui·

387 1890 734 1965 dam,morbo
749 1889 940 1967 aliquo
952 1904 1009 1945 et
1017 1885 1211 1947 leneus
1226 1884 1588 1965 stupore,sua·

388 1978 616 2037 vitatem
629 1976 740 2034 cibi
763 1994 883 2033 non
896 1971 1170 2033 sentiunt:
1194 1970 1265 2031 fic
1284 1970 1587 2047 libidinoli‚

385 2064 562 2135 avari,
587 2057 901 2132 facinomfi,
928 2078 1089 2119 verae
1108 2056 1283 2117 laudis
1312 2056 1588 2135 gustatum

384 2166 507 2208 non
523 2147 744 2205 habent.
771 2143 886 2218 sed,
900 2142 939 2202 fi
954 2160 1007 2202 te
1020 2144 1139 2203 laus
1154 2142 1367 2203 allicere
1382 2142 1452 2202 ad
1460 2163 1587 2203 rec-

384 2246 446 2291 te
460 2230 768 2291 faciendum
793 2250 913 2289 non
944 2228 1141 2309 potest,
1164 2250 1235 2288 ne
1262 2242 1443 2287 metus
1459 2231 1586 2307 qui·

385 2318 514 2377 dem
530 2339 562 2377 a
583 2314 891 2376 foedissimis
912 2315 1065 2375 fastis
1098 2313 1271 2394 potest
1302 2334 1537 2375 avocant
1558 2315 1583 2374 ἓ

384 2402 598 2481 judicia
617 2422 736 2460 non
749 2402 971 2461 metuis.
1016 2400 1056 2460 fi
1070 2416 1299 2481 propter
1318 2402 1591 2461 innocen·

391 2490 550 2566 tiam,
569 2487 766 2549 laudo:
791 2485 832 2549 fi
845 2501 1075 2569 propter
1088 2489 1226 2567 vim,
1249 2506 1371 2549 non
1385 2485 1593 2549 intelli-
