1742 3067
330 127 445 222 §74
520 145 629 204 IN
676 145 761 204 M.
812 143 1367 204 ANTONIUM

332 249 521 316 traria.
535 249 665 308 huic
679 248 845 327 igitur
858 247 967 327 legi
982 249 1164 328 paruit
1181 247 1554 322 Caffiusssum

332 333 482 394 estin
505 337 711 414 Syriam
727 333 1028 415 profeetus,
1049 334 1288 394 alienam
1305 335 1553 414 provin·

336 421 503 495 eiam,
532 419 571 480 fi
586 417 839 482 homines
856 420 1068 498 legibus
1086 419 1300 501 scriptis
1323 434 1555 479 uteren-

338 522 461 576 tur:
492 509 581 565 his
603 525 739 567 vero
754 507 1036 589 oppressis,
1061 504 1210 567 suam
1229 507 1354 584 lege
1385 521 1555 564 natu·

338 613 453 653 rae.
501 592 589 652 sed
614 609 676 654 ut
688 613 753 652 ea
767 592 944 654 vestta
973 613 1200 673 quoque
1219 593 1556 652 auctoritate

342 675 614 754 firmetur,
644 682 869 742 censeo=
907 679 928 712 ‘
955 699 1101 740 cun·
1137 688 1202 740 P.
1237 677 1555 753 Dolabella,

344 765 366 797 ‘
396 766 603 844 quique
616 766 735 843 ejus
752 765 1094 837 crudeliffimi
1109 781 1167 826 et
1183 766 1458 824 teterrimi
1477 763 1558 822 fa-

337 851 361 885 ‘
392 853 602 912 cineris
626 851 887 927 ministri,
915 849 1070 927 socii,
1107 851 1399 930 adjutores
1435 848 1559 908 fue·

346 937 369 971 ‘
400 954 558 1012 runt,
596 936 773 998 hostes
796 938 990 1020 popuii
1027 939 1270 998 Romani
1304 959 1340 996 a
1371 934 1560 996 senatu

348 1025 370 1058 ‘
394 1023 631 1104 judicati
646 1023 751 1084 fint
770 1047 789 1083 ι
812 1044 1048 1104 cumque
1063 1022 1284 1090 limatus
1300 1030 1368 1084 P.
1385 1020 1559 1084 Dola-

352 1109 371 1142 ‘
394 1110 589 1170 bellam
627 1109 775 1172 bello
810 1109 1244 1192 persequendum
1263 1107 1564 1184 censuerit,

352 1195 373 1230 ‘
397 1199 543 1275 ntia,
566 1199 665 1278 qui
688 1201 878 1258 omnia
905 1197 1134 1258 deorum
1157 1198 1564 1276 hominumque

354 1283 373 1315 ⁸
348 1283 519 1402 ²jura
542 1305 721 1361 nove,
744 1283 1019 1360 inaudito,
1043 1284 1371 1364 inexpiabili
1399 1281 1562 1342 ‘scele-

356 1366 461 1430 ‘re
476 1371 759 1451 polluerit,
782 1369 1106 1450 nefarioque
1121 1372 1338 1451 patriae
1363 1369 1416 1430 se
1441 1388 1562 1448 par·

356 1453 599 1516 ‘tieidio
617 1453 997 1532 obstrinxerit,
1021 1477 1234 1536 poenas
1249 1458 1358 1517 diis
1381 1455 1562 1518 homi

358 1535 670 1622 ‘nibusque
684 1545 906 1602 meritas
911 1543 1246 1624 ,debitasque
1262 1541 1566 1624 persolvatt

356 1627 379 1662 ‘
404 1628 608 1690 senatui
638 1629 869 1710 placere,
895 1636 963 1692 C.
984 1630 1236 1704 Cassium,
1257 1625 1564 1710 proconsu-

360 1714 380 1758 ‘·
404 1715 537 1791 lem,
568 1717 916 1796 provinciam
945 1720 1156 1796 Syriam
1181 1719 1467 1789 obtinere,
1485 1712 1564 1774 uti

361 1802 381 1832 ‘
406 1803 505 1881 qui
526 1822 645 1860 eam
670 1803 886 1884 optimo
905 1803 1034 1880 jure
1045 1804 1398 1884 provinciam
1422 1803 1561 1861 obti-

360 1881 381 1921 ‘
406 1891 621 1950 nuerit.
646 1908 881 1968 eumque
917 1911 948 1948 a
983 1895 1060 1966 Q.
1088 1891 1306 1958 Marcio
1346 1887 1566 1968 Crispo,

444 1973 757 2050 roconsnle,
780 1980 848 2034 L.
881 1978 1054 2036 Statio
1069 1983 1299 2052 Marce,
1321 1995 1561 2056 procon-

358 1974 541 2182 {Kale
567 2067 640 2121 A.
662 2061 906 2162 Allieno3
937 2062 1143 2141 legato,
1165 2065 1445 2124 exercitus
1475 2083 1562 2122 ac·

362 2146 605 2227 (cipere,
632 2146 832 2228 eosque
850 2150 902 2206 ei
927 2149 1172 2210 tradere.
1213 2169 1453 2228 cumque
1477 2151 1564 2208 his

363 2233 607 2314 ‘.copiiS,
640 2251 695 2292 et
716 2231 756 2292 fi
786 2254 924 2314 quas
954 2251 1230 2316 praeterea
1261 2235 1562 2315 paraverit,

360 2321 381 2355 ‘
406 2320 549 2388 bello
570 2319 981 2394 P.Dolabellam
1005 2337 1152 2382 terra
1170 2324 1426 2401 marique
1441 2341 1562 2402 per-

363 2405 386 2478 ‘J
408 2405 587 2484 sequi:
612 2406 730 2483 ejus
748 2407 876 2466 belli
905 2409 1130 2487 gerendi
1159 2407 1340 2482 causa,
1361 2408 1560 2486 quibus

364 2494 382 2526 ‘
407 2495 457 2552 ei
474 2493 742 2570 videatur,
766 2513 963 2572 naves,
1000 2511 1219 2571 nautas,
1251 2496 1556 2576 pecuniam,
