<?xml version="1.0" encoding="UTF-8"?>
<!DOCTYPE html PUBLIC "-//W3C//DTD XHTML 1.0 Transitional//EN"
    "http://www.w3.org/TR/xhtml1/DTD/xhtml1-transitional.dtd">
<html xmlns="http://www.w3.org/1999/xhtml" xml:lang="en" lang="en">
 <head>
  <title>
</title>
<meta http-equiv="Content-Type" content="text/html;charset=utf-8" />
  <meta name='ocr-system' content='tesseract 3.04.00' />
  <meta name='ocr-capabilities' content='ocr_page ocr_carea ocr_par ocr_line ocrx_word'/>
</head>
<body>
  <div class='ocr_page' id='page_1' title='image "./mtulliiciceroni14unkngoog_0255.png"; bbox 0 0 1742 3067; ppageno 0'>
   <div class='ocr_carea' id='block_1_1' title="bbox 180 203 1391 646">
    <p class='ocr_par' dir='ltr' id='par_1_1' title="bbox 180 203 1391 646">
     <span class='ocr_line' id='line_1_1' title="bbox 360 203 1382 278; baseline -0.002 -14"><span class='ocrx_word' id='word_1_1' title='bbox 360 203 555 264; x_wconf 77' lang='lat' dir='ltr'>·1³H1</span> <span class='ocrx_word' id='word_1_2' title='bbox 586 203 1032 262; x_wconf 75' lang='lat' dir='ltr'>L11&gt;P1cA</span> <span class='ocrx_word' id='word_1_3' title='bbox 1073 204 1151 261; x_wconf 83' lang='lat' dir='ltr'>x.</span> <span class='ocrx_word' id='word_1_4' title='bbox 1271 215 1382 278; x_wconf 74' lang='lat'>245</span> 
     </span>
     <span class='ocr_line' id='line_1_2' title="bbox 182 303 1381 390; baseline -0.003 -20"><span class='ocrx_word' id='word_1_5' title='bbox 182 305 465 390; x_wconf 81' lang='lat' dir='ltr'>quisquam</span> <span class='ocrx_word' id='word_1_6' title='bbox 496 305 673 389; x_wconf 84' lang='lat' dir='ltr'>potest</span> <span class='ocrx_word' id='word_1_7' title='bbox 694 307 965 383; x_wconf 82' lang='lat' dir='ltr'>inveniri,</span> <span class='ocrx_word' id='word_1_8' title='bbox 999 309 1168 385; x_wconf 52' lang='lat' dir='ltr'>quim</span> <span class='ocrx_word' id='word_1_9' title='bbox 1194 303 1381 366; x_wconf 71' lang='lat' dir='ltr'>filius?</span> 
     </span>
     <span class='ocr_line' id='line_1_3' title="bbox 182 395 1390 474; baseline -0.002 -18"><span class='ocrx_word' id='word_1_10' title='bbox 182 413 239 457; x_wconf 81' lang='lat' dir='ltr'>at</span> <span class='ocrx_word' id='word_1_11' title='bbox 252 401 451 456; x_wconf 85' lang='lat' dir='ltr'><strong>horum</strong></span> <span class='ocrx_word' id='word_1_12' title='bbox 469 397 626 472; x_wconf 84' lang='lat' dir='ltr'>alter,</span> <span class='ocrx_word' id='word_1_13' title='bbox 648 395 902 456; x_wconf 87' lang='lat' dir='ltr'><strong>nondum</strong></span> <span class='ocrx_word' id='word_1_14' title='bbox 917 415 990 454; x_wconf 81' lang='lat' dir='ltr'>ex</span> <span class='ocrx_word' id='word_1_15' title='bbox 1003 395 1390 474; x_wconf 70' lang='lat' dir='ltr'>longinquita-</span> 
     </span>
     <span class='ocr_line' id='line_1_4' title="bbox 183 477 1388 562; baseline -0.003 -18"><span class='ocrx_word' id='word_1_16' title='bbox 183 499 239 544; x_wconf 86' lang='lat' dir='ltr'>te</span> <span class='ocrx_word' id='word_1_17' title='bbox 258 483 549 562; x_wconf 84' lang='lat' dir='ltr'>gravissimi</span> <span class='ocrx_word' id='word_1_18' title='bbox 581 485 761 545; x_wconf 85' lang='lat' dir='ltr'>morbi</span> <span class='ocrx_word' id='word_1_19' title='bbox 790 497 1087 556; x_wconf 80' lang='lat' dir='ltr'>recreatus,</span> <span class='ocrx_word' id='word_1_20' title='bbox 1108 477 1388 561; x_wconf 83' lang='lat' dir='ltr'>quidquid</span> 
     </span>
     <span class='ocr_line' id='line_1_5' title="bbox 180 566 1391 646; baseline -0.005 -14"><span class='ocrx_word' id='word_1_21' title='bbox 180 573 373 632; x_wconf 84' lang='lat' dir='ltr'>habuit</span> <span class='ocrx_word' id='word_1_22' title='bbox 388 571 588 632; x_wconf 85' lang='lat' dir='ltr'>virium</span> <span class='ocrx_word' id='word_1_23' title='bbox 592 570 671 646; x_wconf 85' lang='lat' dir='ltr'>‚id</span> <span class='ocrx_word' id='word_1_24' title='bbox 682 573 744 630; x_wconf 84' lang='lat' dir='ltr'>in</span> <span class='ocrx_word' id='word_1_25' title='bbox 758 591 953 630; x_wconf 83' lang='lat' dir='ltr'>eorum</span> <span class='ocrx_word' id='word_1_26' title='bbox 968 570 1274 630; x_wconf 81' lang='lat' dir='ltr'>libertatem</span> <span class='ocrx_word' id='word_1_27' title='bbox 1289 566 1391 628; x_wconf 85' lang='lat' dir='ltr'>de·</span> 
     </span>
    </p>
   </div>
   <div class='ocr_carea' id='block_1_2' title="bbox 181 653 1391 806">
    <p class='ocr_par' dir='ltr' id='par_1_2' title="bbox 181 653 1391 806">
     <span class='ocr_line' id='line_1_6' title="bbox 181 653 1391 737; baseline -0.002 -18"><span class='ocrx_word' id='word_1_28' title='bbox 181 656 507 720; x_wconf 80' lang='lat' dir='ltr'>fendendam</span> <span class='ocrx_word' id='word_1_29' title='bbox 522 657 785 734; x_wconf 79' lang='lat' dir='ltr'>contulit,</span> <span class='ocrx_word' id='word_1_30' title='bbox 808 676 1050 737; x_wconf 81' lang='lat' dir='ltr'>quorum</span> <span class='ocrx_word' id='word_1_31' title='bbox 1071 653 1391 733; x_wconf 83' lang='lat' dir='ltr'>votisjudi·</span> 
     </span>
     <span class='ocr_line' id='line_1_7' title="bbox 182 742 1390 806; baseline -0.006 0"><span class='ocrx_word' id='word_1_32' title='bbox 182 747 326 806; x_wconf 83' lang='lat' dir='ltr'>cavit</span> <span class='ocrx_word' id='word_1_33' title='bbox 342 742 395 805; x_wconf 88' lang='lat' dir='ltr'>se</span> <span class='ocrx_word' id='word_1_34' title='bbox 410 763 441 804; x_wconf 77' lang='lat' dir='ltr'><strong>a</strong></span> <span class='ocrx_word' id='word_1_35' title='bbox 457 761 640 806; x_wconf 87' lang='lat' dir='ltr'>morte</span> <span class='ocrx_word' id='word_1_36' title='bbox 670 759 991 804; x_wconf 82' lang='lat' dir='ltr'>revocatum</span> <span class='ocrx_word' id='word_1_37' title='bbox 1007 765 1024 802; x_wconf 72' lang='grc' dir='ltr'><em>ε</em></span> <span class='ocrx_word' id='word_1_38' title='bbox 1049 742 1186 802; x_wconf 82' lang='lat' dir='ltr'>alter</span> <span class='ocrx_word' id='word_1_39' title='bbox 1205 743 1390 801; x_wconf 77' lang='lat' dir='ltr'>virtu·</span> 
     </span>
    </p>
   </div>
   <div class='ocr_carea' id='block_1_3' title="bbox 183 825 1492 910">
    <p class='ocr_par' dir='ltr' id='par_1_3' title="bbox 183 825 1492 910">
     <span class='ocr_line' id='line_1_8' title="bbox 183 825 1492 910; baseline -0.005 -18"><span class='ocrx_word' id='word_1_40' title='bbox 183 833 255 892; x_wconf 85' lang='lat' dir='ltr'>tis</span> <span class='ocrx_word' id='word_1_41' title='bbox 271 834 473 892; x_wconf 87' lang='lat' dir='ltr'>robore</span> <span class='ocrx_word' id='word_1_42' title='bbox 487 829 721 905; x_wconf 84' lang='lat' dir='ltr'>firmior,</span> <span class='ocrx_word' id='word_1_43' title='bbox 744 835 915 910; x_wconf 64' lang='lat' dir='ltr'>quim</span> <span class='ocrx_word' id='word_1_44' title='bbox 937 834 1153 905; x_wconf 75' lang='lat' dir='ltr'>aetatis,</span> <span class='ocrx_word' id='word_1_45' title='bbox 1178 849 1301 889; x_wconf 89' lang='lat' dir='ltr'>cum</span> <span class='ocrx_word' id='word_1_46' title='bbox 1315 825 1392 889; x_wconf 87' lang='lat' dir='ltr'>is·</span> <span class='ocrx_word' id='word_1_47' title='bbox 1483 907 1492 910; x_wconf 35' lang='grc'>-</span> 
     </span>
    </p>
   </div>
   <div class='ocr_carea' id='block_1_4' title="bbox 176 916 1406 2656">
    <p class='ocr_par' dir='ltr' id='par_1_4' title="bbox 176 916 1406 2656">
     <span class='ocr_line' id='line_1_9' title="bbox 184 916 1393 1001; baseline -0.001 -22"><span class='ocrx_word' id='word_1_48' title='bbox 184 920 257 979; x_wconf 84' lang='lat' dir='ltr'>tis</span> <span class='ocrx_word' id='word_1_49' title='bbox 272 917 397 1001; x_wconf 82' lang='lat' dir='ltr'>ipfis</span> <span class='ocrx_word' id='word_1_50' title='bbox 430 920 705 978; x_wconf 82' lang='lat' dir='ltr'>veteranis</span> <span class='ocrx_word' id='word_1_51' title='bbox 730 917 797 978; x_wconf 86' lang='lat' dir='ltr'>ad</span> <span class='ocrx_word' id='word_1_52' title='bbox 810 925 887 978; x_wconf 90' lang='lat' dir='ltr'>D.</span> <span class='ocrx_word' id='word_1_53' title='bbox 902 924 1132 978; x_wconf 86' lang='lat' dir='ltr'>Brutum</span> <span class='ocrx_word' id='word_1_54' title='bbox 1150 916 1393 978; x_wconf 80' lang='lat' dir='ltr'>liberan-</span> 
     </span>
     <span class='ocr_line' id='line_1_10' title="bbox 182 1003 1394 1086; baseline -0.002 -20"><span class='ocrx_word' id='word_1_55' title='bbox 182 1005 315 1067; x_wconf 85' lang='lat' dir='ltr'>dum</span> <span class='ocrx_word' id='word_1_56' title='bbox 345 1005 623 1086; x_wconf 66' lang='lat' dir='ltr'>profeetus</span> <span class='ocrx_word' id='word_1_57' title='bbox 644 1004 737 1066; x_wconf 85' lang='lat' dir='ltr'>est.</span> <span class='ocrx_word' id='word_1_58' title='bbox 784 1007 956 1084; x_wconf 85' lang='lat' dir='ltr'>igitur</span> <span class='ocrx_word' id='word_1_59' title='bbox 989 1004 1067 1065; x_wconf 88' lang='lat' dir='ltr'>illi</span> <span class='ocrx_word' id='word_1_60' title='bbox 1097 1003 1394 1082; x_wconf 67' lang='lat' dir='ltr'>cerfissimi,</span> 
     </span>
     <span class='ocr_line' id='line_1_11' title="bbox 184 1091 1396 1173; baseline -0.001 -20"><span class='ocrx_word' id='word_1_61' title='bbox 184 1092 459 1171; x_wconf 83' lang='lat' dir='ltr'>iidemque</span> <span class='ocrx_word' id='word_1_62' title='bbox 473 1095 719 1154; x_wconf 81' lang='lat' dir='ltr'>acerrimi</span> <span class='ocrx_word' id='word_1_63' title='bbox 754 1091 1003 1152; x_wconf 79' lang='lat' dir='ltr'>Caesaris</span> <span class='ocrx_word' id='word_1_64' title='bbox 1022 1097 1267 1154; x_wconf 62' lang='lat' dir='ltr'>aeto-rum</span> <span class='ocrx_word' id='word_1_65' title='bbox 1292 1113 1396 1173; x_wconf 67' lang='lat' dir='ltr'>pm-</span> 
     </span>
     <span class='ocr_line' id='line_1_12' title="bbox 184 1179 1394 1259; baseline 0.002 -18"><span class='ocrx_word' id='word_1_66' title='bbox 184 1183 341 1242; x_wconf 84' lang='lat' dir='ltr'>troni</span> <span class='ocrx_word' id='word_1_67' title='bbox 363 1199 467 1259; x_wconf 87' lang='lat' dir='ltr'>pro</span> <span class='ocrx_word' id='word_1_68' title='bbox 484 1188 557 1239; x_wconf 90' lang='lat' dir='ltr'>D.</span> <span class='ocrx_word' id='word_1_69' title='bbox 580 1182 739 1240; x_wconf 81' lang='lat' dir='ltr'>Bruti</span> <span class='ocrx_word' id='word_1_70' title='bbox 759 1179 924 1240; x_wconf 88' lang='lat' dir='ltr'>salute</span> <span class='ocrx_word' id='word_1_71' title='bbox 936 1179 1140 1240; x_wconf 87' lang='lat' dir='ltr'>bellum</span> <span class='ocrx_word' id='word_1_72' title='bbox 1155 1194 1394 1259; x_wconf 71' lang='lat' dir='ltr'>get-unte</span> 
     </span>
     <span class='ocr_line' id='line_1_13' title="bbox 184 1261 1396 1350; baseline -0.002 -22"><span class='ocrx_word' id='word_1_73' title='bbox 184 1287 335 1350; x_wconf 80' lang='lat' dir='ltr'>quos</span> <span class='ocrx_word' id='word_1_74' title='bbox 350 1269 597 1328; x_wconf 82' lang='lat' dir='ltr'>veterani</span> <span class='ocrx_word' id='word_1_75' title='bbox 614 1265 934 1346; x_wconf 86' lang='lat' dir='ltr'>sequuntur.</span> <span class='ocrx_word' id='word_1_76' title='bbox 981 1267 1048 1326; x_wconf 88' lang='lat' dir='ltr'>de</span> <span class='ocrx_word' id='word_1_77' title='bbox 1063 1261 1314 1328; x_wconf 82' lang='lat' dir='ltr'>libertate</span> <span class='ocrx_word' id='word_1_78' title='bbox 1334 1285 1396 1326; x_wconf 88' lang='lat' dir='ltr'>e·</span> 
     </span>
     <span class='ocr_line' id='line_1_14' title="bbox 186 1351 1397 1436; baseline -0.002 -19"><span class='ocrx_word' id='word_1_79' title='bbox 186 1356 307 1417; x_wconf 82' lang='lat' dir='ltr'>nim</span> <span class='ocrx_word' id='word_1_80' title='bbox 322 1353 517 1436; x_wconf 85' lang='lat' dir='ltr'>populi</span> <span class='ocrx_word' id='word_1_81' title='bbox 532 1355 795 1430; x_wconf 86' lang='lat' dir='ltr'>Romani,</span> <span class='ocrx_word' id='word_1_82' title='bbox 810 1375 930 1414; x_wconf 87' lang='lat' dir='ltr'>non</span> <span class='ocrx_word' id='word_1_83' title='bbox 946 1353 1015 1415; x_wconf 89' lang='lat' dir='ltr'>de</span> <span class='ocrx_word' id='word_1_84' title='bbox 1031 1351 1135 1414; x_wconf 87' lang='lat' dir='ltr'>suis</span> <span class='ocrx_word' id='word_1_85' title='bbox 1147 1373 1397 1415; x_wconf 84' lang='lat' dir='ltr'>commo·</span> 
     </span>
     <span class='ocr_line' id='line_1_15' title="bbox 186 1437 1398 1522; baseline 0.002 -21"><span class='ocrx_word' id='word_1_86' title='bbox 186 1440 301 1516; x_wconf 75' lang='lat' dir='ltr'>dis,</span> <span class='ocrx_word' id='word_1_87' title='bbox 326 1443 491 1502; x_wconf 82' lang='lat' dir='ltr'>armis</span> <span class='ocrx_word' id='word_1_88' title='bbox 508 1440 913 1502; x_wconf 83' lang='lat' dir='ltr'>decernendum</span> <span class='ocrx_word' id='word_1_89' title='bbox 929 1440 1143 1502; x_wconf 82' lang='lat' dir='ltr'>vident.</span> <span class='ocrx_word' id='word_1_90' title='bbox 1168 1440 1303 1522; x_wconf 88' lang='lat' dir='ltr'>quid</span> <span class='ocrx_word' id='word_1_91' title='bbox 1319 1437 1398 1504; x_wconf 86' lang='lat' dir='ltr'>est</span> 
     </span>
     <span class='ocr_line' id='line_1_16' title="bbox 186 1529 1398 1609; baseline 0.001 -20"><span class='ocrx_word' id='word_1_92' title='bbox 186 1529 381 1608; x_wconf 85' lang='lat' dir='ltr'>igitur,</span> <span class='ocrx_word' id='word_1_93' title='bbox 408 1549 505 1590; x_wconf 88' lang='lat' dir='ltr'>cur</span> <span class='ocrx_word' id='word_1_94' title='bbox 534 1530 626 1603; x_wconf 86' lang='lat' dir='ltr'>iis,</span> <span class='ocrx_word' id='word_1_95' title='bbox 650 1531 745 1609; x_wconf 87' lang='lat' dir='ltr'>qui</span> <span class='ocrx_word' id='word_1_96' title='bbox 783 1536 859 1588; x_wconf 91' lang='lat' dir='ltr'>D.</span> <span class='ocrx_word' id='word_1_97' title='bbox 880 1535 1110 1588; x_wconf 86' lang='lat' dir='ltr'>Brutum</span> <span class='ocrx_word' id='word_1_98' title='bbox 1134 1530 1398 1590; x_wconf 66' lang='lat' dir='ltr'>omnibus</span> 
     </span>
     <span class='ocr_line' id='line_1_17' title="bbox 188 1613 1401 1696; baseline 0 -20"><span class='ocrx_word' id='word_1_99' title='bbox 188 1618 391 1696; x_wconf 81' lang='lat' dir='ltr'>opibus</span> <span class='ocrx_word' id='word_1_100' title='bbox 408 1614 788 1678; x_wconf 81' lang='lat' dir='ltr'>conservatum</span> <span class='ocrx_word' id='word_1_101' title='bbox 810 1615 1013 1693; x_wconf 87' lang='lat' dir='ltr'>velint,</span> <span class='ocrx_word' id='word_1_102' title='bbox 1044 1623 1133 1676; x_wconf 91' lang='lat' dir='ltr'>M.</span> <span class='ocrx_word' id='word_1_103' title='bbox 1151 1616 1307 1678; x_wconf 82' lang='lat' dir='ltr'>Bruti</span> <span class='ocrx_word' id='word_1_104' title='bbox 1331 1613 1401 1676; x_wconf 81' lang='lat' dir='ltr'>fit</span> 
     </span>
     <span class='ocr_line' id='line_1_18' title="bbox 186 1701 1399 1785; baseline -0.001 -21"><span class='ocrx_word' id='word_1_105' title='bbox 186 1701 461 1785; x_wconf 56' lang='lat' dir='ltr'>suspectus</span> <span class='ocrx_word' id='word_1_106' title='bbox 476 1702 781 1764; x_wconf 82' lang='lat' dir='ltr'>exercitus?</span> <span class='ocrx_word' id='word_1_107' title='bbox 806 1725 880 1764; x_wconf 83' lang='lat' dir='ltr'>an</span> <span class='ocrx_word' id='word_1_108' title='bbox 897 1723 1056 1780; x_wconf 78' lang='lat' dir='ltr'>vem,</span> <span class='ocrx_word' id='word_1_109' title='bbox 1080 1703 1119 1764; x_wconf 80' lang='lat' dir='ltr'>fi</span> <span class='ocrx_word' id='word_1_110' title='bbox 1149 1704 1296 1785; x_wconf 65' lang='lat' dir='ltr'>quidz</span> <span class='ocrx_word' id='word_1_111' title='bbox 1315 1701 1399 1764; x_wconf 81' lang='lat' dir='ltr'>es·</span> 
     </span>
     <span class='ocr_line' id='line_1_19' title="bbox 184 1788 1400 1872; baseline -0.004 -16"><span class='ocrx_word' id='word_1_112' title='bbox 184 1788 467 1872; x_wconf 81' lang='lat' dir='ltr'>set,.quod</span> <span class='ocrx_word' id='word_1_113' title='bbox 490 1813 523 1850; x_wconf 87' lang='lat' dir='ltr'>a</span> <span class='ocrx_word' id='word_1_114' title='bbox 546 1791 631 1852; x_wconf 89' lang='lat' dir='ltr'>M.</span> <span class='ocrx_word' id='word_1_115' title='bbox 656 1797 831 1852; x_wconf 86' lang='lat' dir='ltr'>Bruto</span> <span class='ocrx_word' id='word_1_116' title='bbox 854 1791 1160 1852; x_wconf 81' lang='lat' dir='ltr'>timendum</span> <span class='ocrx_word' id='word_1_117' title='bbox 1182 1793 1400 1854; x_wconf 79' lang='lat' dir='ltr'>videre·</span> 
     </span>
     <span class='ocr_line' id='line_1_20' title="bbox 188 1875 1401 1954; baseline -0.001 -16"><span class='ocrx_word' id='word_1_118' title='bbox 188 1891 307 1952; x_wconf 85' lang='lat' dir='ltr'>tur,</span> <span class='ocrx_word' id='word_1_119' title='bbox 326 1875 495 1937; x_wconf 86' lang='lat' dir='ltr'>Pansa</span> <span class='ocrx_word' id='word_1_120' title='bbox 510 1876 567 1938; x_wconf 89' lang='lat' dir='ltr'>id</span> <span class='ocrx_word' id='word_1_121' title='bbox 581 1899 701 1939; x_wconf 86' lang='lat' dir='ltr'>non</span> <span class='ocrx_word' id='word_1_122' title='bbox 718 1877 958 1938; x_wconf 79' lang='lat' dir='ltr'>videret?</span> <span class='ocrx_word' id='word_1_123' title='bbox 976 1895 1092 1954; x_wconf 83' lang='lat' dir='ltr'>aut,</span> <span class='ocrx_word' id='word_1_124' title='bbox 1107 1877 1401 1953; x_wconf 56' lang='lat' dir='ltr'>avida-er,</span> 
     </span>
     <span class='ocr_line' id='line_1_21' title="bbox 186 1963 1400 2045; baseline 0.001 -20"><span class='ocrx_word' id='word_1_125' title='bbox 186 1985 312 2025; x_wconf 85' lang='lat' dir='ltr'>non</span> <span class='ocrx_word' id='word_1_126' title='bbox 340 1964 655 2027; x_wconf 82' lang='lat' dir='ltr'><strong>laboraret?</strong></span> <span class='ocrx_word' id='word_1_127' title='bbox 706 1967 833 2045; x_wconf 81' lang='lat' dir='ltr'>quis</span> <span class='ocrx_word' id='word_1_128' title='bbox 864 1981 960 2024; x_wconf 83' lang='lat' dir='ltr'>aut</span> <span class='ocrx_word' id='word_1_129' title='bbox 998 1963 1294 2045; x_wconf 83' lang='lat' dir='ltr'>sapientior</span> <span class='ocrx_word' id='word_1_130' title='bbox 1325 1965 1400 2026; x_wconf 83' lang='lat' dir='ltr'>ad</span> 
     </span>
     <span class='ocr_line' id='line_1_22' title="bbox 186 2049 1404 2130; baseline 0.002 -18"><span class='ocrx_word' id='word_1_131' title='bbox 186 2051 564 2130; x_wconf 64' lang='lat' dir='ltr'>eonjeehiram</span> <span class='ocrx_word' id='word_1_132' title='bbox 597 2071 793 2113; x_wconf 82' lang='lat' dir='ltr'>rerum·</span> <span class='ocrx_word' id='word_1_133' title='bbox 817 2049 1126 2112; x_wconf 77' lang='lat' dir='ltr'>futurarum</span> <span class='ocrx_word' id='word_1_134' title='bbox 1149 2053 1170 2111; x_wconf 89' lang='lat'>?</span> <span class='ocrx_word' id='word_1_135' title='bbox 1205 2068 1300 2113; x_wconf 87' lang='lat' dir='ltr'>aut</span> <span class='ocrx_word' id='word_1_136' title='bbox 1330 2051 1404 2114; x_wconf 83' lang='lat' dir='ltr'>ad</span> 
     </span>
     <span class='ocr_line' id='line_1_23' title="bbox 186 2136 1401 2222; baseline 0.003 -24"><span class='ocrx_word' id='word_1_137' title='bbox 186 2136 845 2219; x_wconf 82' lang='lat' dir='ltr'>propulsandum-metum</span> <span class='ocrx_word' id='word_1_138' title='bbox 860 2137 1214 2216; x_wconf 81' lang='lat' dir='ltr'>diligentior?</span> <span class='ocrx_word' id='word_1_139' title='bbox 1239 2141 1401 2222; x_wconf 86' lang='lat' dir='ltr'>atqui</span> 
     </span>
     <span class='ocr_line' id='line_1_24' title="bbox 187 2225 1404 2305; baseline -0.001 -19"><span class='ocrx_word' id='word_1_140' title='bbox 187 2226 359 2302; x_wconf 81' lang='lat' dir='ltr'>hujus</span> <span class='ocrx_word' id='word_1_141' title='bbox 376 2227 620 2287; x_wconf 78' lang='lat' dir='ltr'>animum</span> <span class='ocrx_word' id='word_1_142' title='bbox 634 2245 766 2305; x_wconf 78' lang='lat' dir='ltr'>erga</span> <span class='ocrx_word' id='word_1_143' title='bbox 780 2232 869 2286; x_wconf 89' lang='grc' dir='ltr'>Μ.</span> <span class='ocrx_word' id='word_1_144' title='bbox 887 2225 1404 2301; x_wconf 79' lang='lat' dir='ltr'>Brutum,studium.·</span> 
     </span>
     <span class='ocr_line' id='line_1_25' title="bbox 185 2311 1400 2394; baseline 0.002 -22"><span class='ocrx_word' id='word_1_145' title='bbox 185 2331 297 2392; x_wconf 78' lang='lat' dir='ltr'>que</span> <span class='ocrx_word' id='word_1_146' title='bbox 310 2311 544 2374; x_wconf 74' lang='lat' dir='ltr'>vidistis.</span> <span class='ocrx_word' id='word_1_147' title='bbox 570 2314 843 2394; x_wconf 82' lang='lat' dir='ltr'>praecepit</span> <span class='ocrx_word' id='word_1_148' title='bbox 860 2315 1115 2372; x_wconf 85' lang='lat' dir='ltr'>oratione</span> <span class='ocrx_word' id='word_1_149' title='bbox 1133 2312 1245 2387; x_wconf 81' lang='lat' dir='ltr'>sua,</span> <span class='ocrx_word' id='word_1_150' title='bbox 1261 2313 1400 2394; x_wconf 81' lang='lat' dir='ltr'>quid</span> 
     </span>
     <span class='ocr_line' id='line_1_26' title="bbox 184 2399 1402 2480; baseline 0.002 -22"><span class='ocrx_word' id='word_1_151' title='bbox 184 2399 486 2460; x_wconf 80' lang='lat' dir='ltr'>decernere</span> <span class='ocrx_word' id='word_1_152' title='bbox 516 2420 625 2459; x_wconf 76' lang='lat' dir='ltr'>nos</span> <span class='ocrx_word' id='word_1_153' title='bbox 650 2399 717 2460; x_wconf 88' lang='lat' dir='ltr'>de</span> <span class='ocrx_word' id='word_1_154' title='bbox 734 2407 931 2471; x_wconf 70' lang='lat' dir='ltr'>Erum,</span> <span class='ocrx_word' id='word_1_155' title='bbox 955 2400 1092 2480; x_wconf 82' lang='lat' dir='ltr'>qnid</span> <span class='ocrx_word' id='word_1_156' title='bbox 1123 2399 1322 2460; x_wconf 81' lang='lat' dir='ltr'>sentire</span> <span class='ocrx_word' id='word_1_157' title='bbox 1337 2423 1402 2460; x_wconf 78' lang='grc' dir='ltr'>ο·-</span> 
     </span>
     <span class='ocr_line' id='line_1_27' title="bbox 184 2486 1405 2567; baseline 0.001 -22"><span class='ocrx_word' id='word_1_158' title='bbox 184 2501 469 2562; x_wconf 71' lang='lat' dir='ltr'>portet-et:</span> <span class='ocrx_word' id='word_1_159' title='bbox 487 2500 817 2567; x_wconf 82' lang='lat' dir='ltr'>tantumque</span> <span class='ocrx_word' id='word_1_160' title='bbox 832 2486 1030 2560; x_wconf 67' lang='lat' dir='ltr'>abfuit,</span> <span class='ocrx_word' id='word_1_161' title='bbox 1048 2503 1110 2546; x_wconf 89' lang='lat' dir='ltr'>ut</span> <span class='ocrx_word' id='word_1_162' title='bbox 1129 2487 1405 2566; x_wconf 84' lang='lat' dir='ltr'>periculo·</span> 
     </span>
     <span class='ocr_line' id='line_1_28' title="bbox 176 2570 1406 2656; baseline -0.004 -18"><span class='ocrx_word' id='word_1_163' title='bbox 176 2570 651 2654; x_wconf 74' lang='lat' dir='ltr'>fimreipublieae</span> <span class='ocrx_word' id='word_1_164' title='bbox 672 2579 758 2635; x_wconf 89' lang='lat' dir='ltr'>M.</span> <span class='ocrx_word' id='word_1_165' title='bbox 777 2575 934 2652; x_wconf 81' lang='lat' dir='ltr'>Bruti</span> <span class='ocrx_word' id='word_1_166' title='bbox 949 2589 1170 2656; x_wconf 71' lang='lat' dir='ltr'>putaret</span> <span class='ocrx_word' id='word_1_167' title='bbox 1181 2575 1406 2654; x_wconf 46' lang='lat' dir='ltr'>exetcig</span> 
     </span>
    </p>
   </div>
  </div>
 </body>
</html>
