1742 3067
313 127 423 197 276
495 134 596 189 IN
649 137 734 191 M.
785 138 1364 199 ANTONIUM

311 226 536 293 dentem
569 236 1003 317 inflammabitis,
1036 256 1097 302 et
1124 258 1405 305 armatum
1442 265 1541 305 ar-

311 318 537 379 mabitis
555 324 802 385 Caffium.
852 348 955 387 nec
970 320 1123 389 enim
1138 332 1391 390 animum
1406 332 1541 409 ejus

311 404 540 481 potestis
556 410 834 487 ignorare,
857 435 961 475 nec
977 419 1189 495 copias.
1234 419 1463 477 animus
1484 419 1541 477 is

315 487 416 563 est,
437 512 600 571 quem
617 496 854 558 videtis:
880 503 1095 581 copiae,
1120 522 1261 581 quas
1276 502 1537 578 audistis,

275 602 283 607 ·
313 572 478 637 fortis
495 597 549 639 et
565 582 865 645 constantis
884 590 1013 661 viri,
1038 590 1221 667 quine
1238 592 1381 648 vivo
1402 592 1539 669 qui·

245 728 260 743 .
317 660 443 723 dem
475 672 768 729 Trebonio
809 673 1133 733 Dolabellae
1168 676 1539 737 latrocinium

317 750 378 807 in
396 754 604 828 Syxiam
621 773 909 834 penetrare
924 759 1140 821 fiviffet.
1162 760 1419 820 Allienus
1423 762 1539 837 ,sa-

317 836 547 897 miliat-is
564 857 619 899 et
641 843 965 909 neceffarius
994 868 1175 921 meus,
1197 847 1317 927 post
1331 850 1533 909 interi·

232 997 236 1001 Α
318 934 440 981 tum
456 930 732 987 Trebonii
763 932 1061 1009 ρτοΐεᾶιιε,
1082 954 1155 993 ne
1166 933 1279 993 dici
1295 934 1532 1014 quidem

248 1075 270 1085 „
321 1004 376 1067 se
393 1008 632 1087 legatum
650 1016 968 1077 Dolabellae
982 1020 1155 1079 volet.
1190 1018 1267 1079 est
1284 1028 1360 1095 Q.
1380 1028 1535 1081 Coe-

319 1095 435 1155 cilii
449 1099 604 1176 Baffi,
630 1103 833 1177 privati
851 1104 1003 1164 illius
1031 1106 1277 1185 quidem,
1298 1104 1391 1165 sed
1410 1108 1536 1169 for-

297 1182 396 1269 ·tis
425 1199 481 1242 et
519 1188 782 1265 praeclari
812 1191 944 1265 vlri,
984 1191 1235 1253 robustus
1266 1208 1323 1252 et
1344 1196 1535 1255 vietor

318 1274 617 1333 exercitus.
666 1276 922 1353 Dejotari
940 1281 1083 1356 regis
1098 1294 1153 1338 et
1169 1280 1367 1359 patrie,
1388 1297 1445 1339 et
1462 1281 1532 1341 fi·

321 1355 406 1431 lii,
431 1374 486 1417 et
501 1379 756 1438 magnus,
781 1378 839 1420 et
852 1362 1042 1423 nostro
1064 1386 1217 1427 more
1230 1363 1531 1427 instruetus

319 1448 627 1506 exercitus:
667 1446 874 1507 summa
895 1451 956 1508 in
978 1450 1091 1511 filio
1128 1450 1247 1532 spes
1253 1496 1272 1526 ,
1312 1450 1533 1514 summa

317 1530 528 1607 ingenii
553 1533 790 1609 indoles,
813 1533 1018 1595 summa
1054 1540 1255 1599 virtus,
1303 1539 1437 1617 quid
1458 1540 1531 1599 de

304 1626 474 1697 patre
503 1620 711 1679 dicam?
735 1623 893 1700 cujus
917 1624 1306 1685 benevolentia
1336 1628 1398 1683 in
1414 1646 1529 1705 po·

317 1699 508 1782 pulum
528 1708 844 1768 Romanum
864 1708 939 1769 est
967 1709 1129 1789 ipsius
1156 1711 1399 1791 aequalis
1430 1733 1531 1773 ae·

230 1790 248 1810 ²
319 1791 452 1851 miz
481 1794 717 1871 quinon
734 1792 1105 1857 solumsocius
1126 1802 1529 1877 imperatorum

317 1875 634 1939 nostrorum
671 1880 778 1940 fuit
815 1882 877 1941 in
912 1882 1091 1958 bellis,
1126 1904 1318 1943 verum
1356 1885 1531 1948 etiam

317 1960 438 2032 dux
451 1969 734 2045 copiarum
757 1966 991 2029 suarum.
1039 1990 1179 2049 quae
1194 1970 1261 2029 de
1278 1970 1375 2030 illo
1392 1973 1531 2034 viro

224 2044 230 2049 ’
317 2050 492 2128 Sylla,
517 2074 656 2131 quae
673 2060 1075 2135 Murena,quae
1088 2057 1371 2133 Serviliae,
1380 2078 1533 2136 quae

318 2142 607 2216 Lucullus,
631 2162 794 2220 quam
811 2158 1029 2219 ornate,
1052 2164 1218 2223 quam
1248 2144 1528 2205 honorifi-

258 2230 263 2236 ’
318 2250 402 2303 ce,
427 2250 590 2307 quam
613 2228 856 2305 graviter
887 2226 1043 2308 saepe
1068 2231 1127 2288 in
1151 2230 1341 2289 senatu
1360 2250 1525 2309 prae-

313 2314 666 2377 dicaverunt?
675 2313 805 2392 quid
817 2314 883 2373 de
897 2318 1275 2396 Cn.Pompeio
1288 2316 1525 2395 loquar?

315 2402 413 2479 qui
429 2420 599 2457 unum
619 2401 951 2475 Dejotarum
968 2402 1031 2460 in
1048 2416 1173 2461 toto
1191 2404 1323 2461 orbe
1340 2418 1521 2465 terra·

310 2506 432 2547 rum
446 2504 519 2547 ex
532 2486 722 2547 animo
735 2488 995 2567 amicum,
1020 2508 1259 2572 vereque
1274 2490 1527 2559 benevo-
