1742 3067
21 39 34 141 ἈΊ“““

346 195 996 256 PHILIPPICA
1043 197 1121 252 x.
1251 159 1375 272 241*

156 299 438 364 audaciam
454 298 731 382 compi-effi
737 297 861 362 ffet?
879 317 1020 379 quae
1033 295 1281 358 celeritas
1297 296 1368 359 il-

158 390 213 450 la
228 389 411 450 Bmti?
441 407 585 469 quae
602 389 765 448 cura?
790 405 934 466 quae
947 385 1161 446 virtus?
1185 383 1280 446 etsi
1293 405 1368 447 ne

158 481 228 538 C.
242 476 463 557 quidem
480 476 717 535 Antonii
732 473 984 534 celeritas
999 489 1368 534 contemnen-

156 563 229 625 da
243 562 347 624 est:
378 582 545 642 quem
560 561 662 622 nifi
682 564 743 621 in
772 561 865 621 via
887 561 1124 622 caducae
1152 560 1368 623 heredi·

156 665 295 711 tates
308 648 692 725 retardaffitnt,
718 647 924 709 volasse
945 668 1093 722 eum,
1123 667 1242 709 non
1259 651 1375 723 iter,

159 735 337 799 fecifl'e
346 737 583 798 diceres.
630 736 771 796 alios
788 736 857 796 ad
882 738 1167 814 negotium
1184 733 1367 817 publi-

158 843 283 885 cum
290 825 381 884 ire
393 845 521 885 enm
536 825 908 905 cupimus,vix
925 821 1156 883 solemus
1173 837 1365 883 extru-

156 909 307 972 dere:
318 914 469 972 hunc
485 911 787 971 retinentes
804 907 1216 971 exclufimus.at
1229 910 1366 992 quid

154 999 209 1060 ei
222 1019 349 1060 cum
366 997 699 1080 Apollonia?
730 995 865 1077 quid
881 1017 1004 1058 cum
1020 999 1364 1078 Dyrrachio?

156 1085 293 1167 qnid
308 1105 435 1147 cum
458 1086 719 1164 Illyrico?
749 1085 888 1166 quid
909 1107 1034 1146 cum
1051 1091 1115 1145 P.
1143 1087 1366 1148 vatinii

156 1173 507 1255 imperatoris
531 1173 807 1233 exercitu?
833 1170 1172 1248 succedebat,
1201 1189 1265 1232 ut
1279 1174 1366 1254 ip-

156 1258 212 1321 se
226 1260 465 1336 dicebat,
496 1258 819 1321 Hortenfio.
864 1260 1006 1320 certi
1019 1257 1160 1320 fines
1177 1263 1366 1320 Mace-

154 1345 383 1422 doniae,
414 1361 563 1407 certa
588 1345 866 1423 conditio,
897 1362 1103 1422 certus,
1131 1344 1170 1406 fi
1186 1345 1366 1410 modo

152 1449 273 1496 erat
290 1432 458 1510 uuus,
472 1437 774 1496 exercitus·
814 1454 942 1494 cum
955 1433 1186 1514 Illyrico
1201 1436 1368 1514 vero,

153 1536 213 1582 et
236 1541 365 1583 cnm
379 1523 596 1582 Vatinii
626 1521 939 1599 legionibus
957 1521 1092 1601 quid
1107 1537 1224 1582 erat
1241 1529 1363 1583 An·

152 1609 348 1671 tonio?
367 1622 425 1668 at
441 1629 511 1669 ne
526 1615 701 1670 Bruto
717 1608 960 1690 quidem.
1009 1608 1065 1669 id
1079 1611 1228 1670 enim
1243 1609 1362 1670 for·

148 1693 284 1758 taffe
306 1694 577 1776 quispiam
593 1698 874 1778 improbus
891 1697 1116 1760 dixerit.
1164 1713 1362 1760 omnes

148 1782 617 1863 legiones‚omnes
628 1785 817 1866 copiae
821 1803 983 1866 ,quae
998 1787 1202 1865 ubique
1211 1783 1361 1864 sunt,

148 1871 481 1952 reipublicae
516 1869 665 1931 sunt.
728 1891 909 1950 neque
943 1875 1046 1932 hae
1083 1872 1360 1951 legiones,

42 1953 67 1978 ⁶
144 1977 295 2038 quae
309 1961 395 2019 M.
415 1959 728 2019 Antonium
743 1959 1106 2039 reliquerunt,
1121 1961 1362 2022 Antonii

146 2046 367 2126 potius,
378 2064 543 2125 quam
562 2044 896 2128 reipublicae
911 2044 1062 2106 fuiffe
1076 2045 1359 2108 dicuntur.

144 2150 325 2192 omne
338 2135 489 2192 enim
504 2134 861 2210 exercits18,et
875 2133 1193 2214 imperiijus
1206 2136 1366 2196 amit-

145 2219 221 2280 tit
236 2220 417 2299 is‚qui
431 2240 499 2279 eo
516 2219 745 2300 imperio
766 2236 824 2280 et
838 2223 1084 2281 exercitu
1102 2223 1362 2303 rempub·

95 2331 123 2373 ο
142 2305 317 2366 licam
345 2322 653 2387 oppugnat.
773 2307 940 2384 Quod
953 2307 995 2368 fi
1009 2305 1122 2390 ipsa
1137 2306 1361 2389 respub·

138 2389 563 2471 lioejudicaret,
591 2409 689 2455 aut
700 2391 741 2454 fi
757 2415 922 2454 omne
935 2396 1032 2474 jus
1047 2394 1280 2456 decretis
1302 2416 1366 2457 e-

134 2478 241 2557 jus
280 2475 632 2542 statuereturz
678 2482 1034 2559 Antonione,
1079 2503 1152 2542 an
1183 2489 1362 2546 Bruto

138 2563 399 2647 legiones
412 2568 610 2653 populi
630 2569 871 2716 Remini
886 2567 1250 2650 adjudicaret?
1281 2569 1364 2632 al-
