1742 3067
347 198 1018 259 :rnxmpch
1070 202 1147 256 11.
1303 200 1377 273 ες

171 299 288 383 pud
318 298 474 363 istum
497 300 911 376 construuntur,
934 314 997 360 ut
1020 301 1141 379 jam
1167 322 1375 382 appen-

174 388 406 462 dantur,
451 408 569 447 non
602 403 963 447 numerentur
992 389 1269 466 pecuniae.
1319 400 1377 447 at

177 493 348 554 quam
363 494 522 534 caeca
537 475 763 533 avaritia
777 472 879 532 est?
905 493 1081 551 nuper
1092 471 1204 531 fixa
1220 474 1377 533 tabu·

176 558 342 631 hest,
367 580 480 641 qua
499 560 752 619 civitates
785 559 1219 639 locupletissimae
1244 564 1379 618 Cre·

177 642 412 705 tenfium
443 645 793 723 veetigalibus
823 644 1149 704 liberantur:
1191 642 1377 703 statui·

177 726 409 811 uirque,
432 752 502 791 ne
515 730 634 811 pest
649 738 734 791 Μ.
751 738 979 791 Brutum
995 729 1379 809 proconsulem

179 815 246 877 fit
255 823 426 877 Creta
437 819 808 898 provincia.tu
824 820 1026 876 mentis
1041 836 1101 875 es
1116 816 1387 896 compos?

179 917 242 961 tu
264 922 388 963 non
413 902 895 982 constringendus?
924 924 997 961 an
1024 901 1267 961 Caesaris
1283 901 1381 961 de·

183 1003 342 1051 creto
359 996 522 1049 Creta
536 988 656 1070 post
670 991 917 1049 M.Bruti
932 987 1197 1048 decessum
1212 1002 1379 1066 potu·

181 1076 228 1134 it
255 1076 495 1150 liberari,
526 1096 651 1135 eum
669 1080 833 1134 Creta
865 1073 1002 1133 nihil
1034 1076 1100 1133 ad
1124 1081 1383 1149 Brutum,

181 1160 414 1221 Caesare
433 1164 591 1233 vivo,
613 1160 943 1240 pertineret?
964 1174 1021 1218 at
1048 1161 1210 1237 hujus
1240 1178 1381 1219 ven-

181 1248 404 1307 ditione
431 1246 638 1306 decreti
667 1244 772 1317 (ne
791 1244 930 1305 nihil
952 1250 1124 1305 aetum
1142 1247 1382 1323 putetis)

181 1334 527 1416 provinciam
545 1338 764 1391 Cretam
781 1330 1103 1412 perdidistis.
1144 1333 1387 1393 omnino

179 1440 358 1480 nemo
369 1420 626 1482 uffluerei
647 1416 766 1477 fuit·
783 1432 1021 1497 emptor,
1044 1419 1129 1477 cui
1147 1416 1391 1476 defuerit·

180 1508 272 1566 bic
285 1505 567 1565 venditor.
597 1503 736 1563 etde
747 1504 1001 1563 exulibus
1017 1503 1186 1580 legem
1191 1522 1389 1584 ,quarn

179 1590 368 1666 fixisti,
381 1589 576 1650 Caesar
592 1590 745 1649 tulit?
763 1590 969 1649 nullius
986 1588 1220 1648 infestor
1234 1589 1391 1675 calam

179 1680 430 1739 mitatem
447 1699 464 1735 τ
481 1690 694 1735 tantum
709 1676 1170 1755 queror,primum
1185 1695 1391 1735 eorum·

179 1762 390 1823 reditus
407 1764 724 1841 inquinatos
730 1805 749 1836 ,
761 1780 995 1841 quorum
1012 1760 1219 1821 causam
1235 1760 1379 1823 diffi-

177 1848 366 1911 milem
383 1846 578 1908 Caesar
592 1846 957 1925 judicaverit:
980 1846 1180 1907 deinde
1193 1846 1387 1907 nescio
1416 1872 1423 1879 ·

177 1956 282 1996 eur
296 1934 518 2013 reliquis
532 1933 675 1994 idem
692 1954 810 1993 non
841 1936 1072 1993 tribuam
1118 1952 1299 2012 neque
1321 1952 1409 2005 e-,

177 2024 301 2082 nim
317 2020 442 2101 plus
465 2040 630 2102 quam
647 2035 779 2095 tres,
801 2036 899 2079 aut
914 2033 1153 2099 quatuor
1180 2019 1389 2100 reliqui·

177 2106 330 2168 sunt.
348 2108 446 2186 qui
461 2104 616 2167 fimili
631 2108 689 2165 in
705 2105 1011 2165 calamitate
1024 2103 1153 2179 lint,
1169 2124 1267 2165 cur
1283 2120 1387 2164 tua

177 2191 551 2254 misericordia
573 2190 727 2252 fimili
744 2210 862 2251 non
886 2190 1175 2251 fruuntur?
1206 2212 1307 2250 cur
1320 2210 1381 2250 e-

179 2300 246 2339 os
261 2281 430 2339 habes
444 2280 506 2336 in
517 2278 646 2338 loco
661 2277 943 2359 patrui?de
962 2296 1077 2355 quo
1090 2276 1385 2349 ferre‚cum

177 2366 248 2426 de
263 2365 490 2443 reliquis
513 2363 704 2441 ferres,
731 2360 985 2423 noluistiz
1016 2382 1180 2441 quem
1211 2364 1377 2421 etiam

173 2450 248 2512 nd
263 2448 549 2513 censuram
565 2450 860 2531 petendam
868 2446 1391 2529 impulisti,eamque-

177 2540 508 2623 petitionem
519 2532 861 2621 comparasti,
894 2554 1033 2617 quae
1046 2549 1109 2594 et·
1124 2530 1264 2595 risus
1274 2536 1383 2594 ho·
