<?xml version="1.0" encoding="UTF-8"?>
<!DOCTYPE html PUBLIC "-//W3C//DTD XHTML 1.0 Transitional//EN"
    "http://www.w3.org/TR/xhtml1/DTD/xhtml1-transitional.dtd">
<html xmlns="http://www.w3.org/1999/xhtml" xml:lang="en" lang="en">
 <head>
  <title>
</title>
<meta http-equiv="Content-Type" content="text/html;charset=utf-8" />
  <meta name='ocr-system' content='tesseract 3.04.00' />
  <meta name='ocr-capabilities' content='ocr_page ocr_carea ocr_par ocr_line ocrx_word'/>
</head>
<body>
  <div class='ocr_page' id='page_1' title='image "./mtulliiciceroni14unkngoog_0318.png"; bbox 0 0 1742 3067; ppageno 0'>
   <div class='ocr_carea' id='block_1_1' title="bbox 385 162 1465 237">
    <p class='ocr_par' dir='ltr' id='par_1_1' title="bbox 385 162 1465 237">
     <span class='ocr_line' id='line_1_1' title="bbox 385 162 1465 237; baseline -0.002 -14"><span class='ocrx_word' id='word_1_1' title='bbox 385 162 501 237; x_wconf 72' lang='lat'>308</span> <span class='ocrx_word' id='word_1_2' title='bbox 601 164 706 220; x_wconf 74' lang='lat' dir='ltr'>IN</span> <span class='ocrx_word' id='word_1_3' title='bbox 755 163 841 221; x_wconf 86' lang='lat' dir='ltr'>M.</span> <span class='ocrx_word' id='word_1_4' title='bbox 898 164 1465 221; x_wconf 55' lang='lat' dir='ltr'>Abi-romum</span> 
     </span>
    </p>
   </div>
   <div class='ocr_carea' id='block_1_2' title="bbox 374 264 1708 2395">
    <p class='ocr_par' dir='ltr' id='par_1_2' title="bbox 374 264 1708 2395">
     <span class='ocr_line' id='line_1_2' title="bbox 385 264 1608 348; baseline 0.002 -23"><span class='ocrx_word' id='word_1_5' title='bbox 385 266 686 326; x_wconf 80' lang='lat' dir='ltr'>&#39;voluntate</span> <span class='ocrx_word' id='word_1_6' title='bbox 699 284 732 324; x_wconf 89' lang='lat' dir='ltr'>a</span> <span class='ocrx_word' id='word_1_7' title='bbox 745 264 1023 345; x_wconf 80' lang='lat' dir='ltr'>republica</span> <span class='ocrx_word' id='word_1_8' title='bbox 1038 266 1280 327; x_wconf 79' lang='lat' dir='ltr'>diffidere</span> <span class='ocrx_word' id='word_1_9' title='bbox 1296 266 1467 326; x_wconf 80' lang='lat' dir='ltr'>nulio</span> <span class='ocrx_word' id='word_1_10' title='bbox 1479 285 1608 348; x_wconf 85' lang='lat' dir='ltr'>pac·</span> 
     </span>
     <span class='ocr_line' id='line_1_3' title="bbox 391 351 1609 433; baseline 0.002 -23"><span class='ocrx_word' id='word_1_11' title='bbox 391 366 458 411; x_wconf 85' lang='lat' dir='ltr'>to</span> <span class='ocrx_word' id='word_1_12' title='bbox 474 351 668 433; x_wconf 86' lang='lat' dir='ltr'>potest.</span> <span class='ocrx_word' id='word_1_13' title='bbox 705 372 891 431; x_wconf 85' lang='lat' dir='ltr'><strong>pacem</strong></span> <span class='ocrx_word' id='word_1_14' title='bbox 907 354 1029 411; x_wconf 88' lang='lat' dir='ltr'>vult</span> <span class='ocrx_word' id='word_1_15' title='bbox 1044 359 1129 411; x_wconf 90' lang='grc' dir='ltr'>Μ.</span> <span class='ocrx_word' id='word_1_16' title='bbox 1149 353 1420 432; x_wconf 75' lang='lat' dir='ltr'>Lepidus·</span> <span class='ocrx_word' id='word_1_17' title='bbox 1452 374 1609 431; x_wconf 71' lang='lat' dir='ltr'>prae-</span> 
     </span>
     <span class='ocr_line' id='line_1_4' title="bbox 395 436 1612 517; baseline 0.002 -20"><span class='ocrx_word' id='word_1_18' title='bbox 395 438 540 497; x_wconf 80' lang='lat' dir='ltr'>clare</span> <span class='ocrx_word' id='word_1_19' title='bbox 555 462 572 497; x_wconf 74' lang='lat' dir='ltr'>r</span> <span class='ocrx_word' id='word_1_20' title='bbox 593 438 632 497; x_wconf 88' lang='lat' dir='ltr'><strong>fi</strong></span> <span class='ocrx_word' id='word_1_21' title='bbox 650 438 812 499; x_wconf 86' lang='lat' dir='ltr'>talem</span> <span class='ocrx_word' id='word_1_22' title='bbox 829 436 1007 517; x_wconf 86' lang='lat' dir='ltr'>potest</span> <span class='ocrx_word' id='word_1_23' title='bbox 1027 438 1490 515; x_wconf 83' lang='lat' dir='ltr'>efficere‚qualem</span> <span class='ocrx_word' id='word_1_24' title='bbox 1507 460 1612 499; x_wconf 79' lang='lat' dir='ltr'>nu-</span> 
     </span>
     <span class='ocr_line' id='line_1_5' title="bbox 394 524 1613 605; baseline 0.002 -22"><span class='ocrx_word' id='word_1_25' title='bbox 394 544 494 605; x_wconf 90' lang='lat' dir='ltr'>per</span> <span class='ocrx_word' id='word_1_26' title='bbox 507 524 719 584; x_wconf 72' lang='lat' dir='ltr'>effecitt</span> <span class='ocrx_word' id='word_1_27' title='bbox 745 544 854 602; x_wconf 86' lang='lat' dir='ltr'>qua</span> <span class='ocrx_word' id='word_1_28' title='bbox 869 544 1003 602; x_wconf 87' lang='lat' dir='ltr'>pace</span> <span class='ocrx_word' id='word_1_29' title='bbox 1033 530 1144 583; x_wconf 85' lang='lat' dir='ltr'>Cn.</span> <span class='ocrx_word' id='word_1_30' title='bbox 1164 526 1415 603; x_wconf 86' lang='lat' dir='ltr'>Pompeii</span> <span class='ocrx_word' id='word_1_31' title='bbox 1434 525 1613 586; x_wconf 82' lang='lat' dir='ltr'>filium</span> 
     </span>
     <span class='ocr_line' id='line_1_6' title="bbox 397 606 1611 688; baseline 0.001 -18"><span class='ocrx_word' id='word_1_32' title='bbox 397 608 697 687; x_wconf 82' lang='lat' dir='ltr'>respublica</span> <span class='ocrx_word' id='word_1_33' title='bbox 723 608 1006 688; x_wconf 81' lang='lat' dir='ltr'>adspiciet,</span> <span class='ocrx_word' id='word_1_34' title='bbox 1056 606 1264 687; x_wconf 84' lang='lat' dir='ltr'>suoque</span> <span class='ocrx_word' id='word_1_35' title='bbox 1294 608 1419 669; x_wconf 83' lang='lat' dir='ltr'>finu</span> <span class='ocrx_word' id='word_1_36' title='bbox 1454 633 1611 671; x_wconf 86' lang='lat' dir='ltr'>com·</span> 
     </span>
     <span class='ocr_line' id='line_1_7' title="bbox 397 694 1607 775; baseline 0.002 -21"><span class='ocrx_word' id='word_1_37' title='bbox 397 695 672 775; x_wconf 78' lang='lat' dir='ltr'>plexuque</span> <span class='ocrx_word' id='word_1_38' title='bbox 701 697 956 775; x_wconf 78' lang='lat' dir='ltr'>recipiet:</span> <span class='ocrx_word' id='word_1_39' title='bbox 994 714 1173 774; x_wconf 88' lang='lat' dir='ltr'>neque</span> <span class='ocrx_word' id='word_1_40' title='bbox 1210 694 1392 754; x_wconf 88' lang='lat' dir='ltr'>solum</span> <span class='ocrx_word' id='word_1_41' title='bbox 1424 698 1607 772; x_wconf 78' lang='lat' dir='ltr'>illum,</span> 
     </span>
     <span class='ocr_line' id='line_1_8' title="bbox 399 778 1612 862; baseline 0.002 -22"><span class='ocrx_word' id='word_1_42' title='bbox 399 779 490 840; x_wconf 77' lang='lat' dir='ltr'>std</span> <span class='ocrx_word' id='word_1_43' title='bbox 505 801 632 841; x_wconf 86' lang='lat' dir='ltr'>cum</span> <span class='ocrx_word' id='word_1_44' title='bbox 645 780 744 839; x_wconf 90' lang='lat' dir='ltr'>illo</span> <span class='ocrx_word' id='word_1_45' title='bbox 768 778 988 858; x_wconf 84' lang='lat' dir='ltr'>seipsam</span> <span class='ocrx_word' id='word_1_46' title='bbox 1005 779 1099 838; x_wconf 80' lang='lat' dir='ltr'>fibi</span> <span class='ocrx_word' id='word_1_47' title='bbox 1130 778 1434 840; x_wconf 83' lang='lat' dir='ltr'>restitutam</span> <span class='ocrx_word' id='word_1_48' title='bbox 1454 798 1612 862; x_wconf 80' lang='lat' dir='ltr'>puta·</span> 
     </span>
     <span class='ocr_line' id='line_1_9' title="bbox 397 866 1611 940; baseline 0.002 -15"><span class='ocrx_word' id='word_1_49' title='bbox 397 867 499 925; x_wconf 86' lang='lat' dir='ltr'>bit.</span> <span class='ocrx_word' id='word_1_50' title='bbox 523 870 655 925; x_wconf 81' lang='lat' dir='ltr'>haec</span> <span class='ocrx_word' id='word_1_51' title='bbox 669 866 827 925; x_wconf 86' lang='lat' dir='ltr'>causa</span> <span class='ocrx_word' id='word_1_52' title='bbox 843 866 969 940; x_wconf 83' lang='lat' dir='ltr'>fuit,</span> <span class='ocrx_word' id='word_1_53' title='bbox 994 886 1093 923; x_wconf 89' lang='lat' dir='ltr'>cur</span> <span class='ocrx_word' id='word_1_54' title='bbox 1106 866 1493 927; x_wconf 84' lang='lat' dir='ltr'>decerneretis</span> <span class='ocrx_word' id='word_1_55' title='bbox 1512 868 1611 928; x_wconf 83' lang='lat' dir='ltr'>sta-</span> 
     </span>
     <span class='ocr_line' id='line_1_10' title="bbox 401 950 1612 1035; baseline 0.002 -24"><span class='ocrx_word' id='word_1_56' title='bbox 401 967 554 1011; x_wconf 82' lang='lat' dir='ltr'>tuam</span> <span class='ocrx_word' id='word_1_57' title='bbox 581 954 644 1010; x_wconf 87' lang='lat' dir='ltr'>in</span> <span class='ocrx_word' id='word_1_58' title='bbox 669 951 879 1011; x_wconf 80' lang='lat' dir='ltr'>Rostris</span> <span class='ocrx_word' id='word_1_59' title='bbox 908 972 1035 1011; x_wconf 84' lang='lat' dir='ltr'>cum</span> <span class='ocrx_word' id='word_1_60' title='bbox 1062 950 1430 1033; x_wconf 72' lang='lat' dir='ltr'>inscriptione</span> <span class='ocrx_word' id='word_1_61' title='bbox 1463 974 1612 1035; x_wconf 88' lang='lat' dir='ltr'>prae·</span> 
     </span>
     <span class='ocr_line' id='line_1_11' title="bbox 403 1036 1614 1121; baseline 0.002 -23"><span class='ocrx_word' id='word_1_62' title='bbox 403 1038 668 1115; x_wconf 81' lang='lat' dir='ltr'>elara‚cur</span> <span class='ocrx_word' id='word_1_63' title='bbox 681 1036 892 1097; x_wconf 80' lang='lat' dir='ltr'>absenti</span> <span class='ocrx_word' id='word_1_64' title='bbox 908 1038 1268 1117; x_wconf 85' lang='lat' dir='ltr'>triumphum.</span> <span class='ocrx_word' id='word_1_65' title='bbox 1292 1060 1614 1121; x_wconf 78' lang='lat' dir='ltr'><strong>quanquam</strong></span> 
     </span>
     <span class='ocr_line' id='line_1_12' title="bbox 403 1122 1611 1201; baseline 0 -16"><span class='ocrx_word' id='word_1_66' title='bbox 403 1126 554 1185; x_wconf 84' lang='lat' dir='ltr'>enim</span> <span class='ocrx_word' id='word_1_67' title='bbox 575 1144 803 1201; x_wconf 77' lang='lat' dir='ltr'>magnas</span> <span class='ocrx_word' id='word_1_68' title='bbox 819 1144 907 1183; x_wconf 83' lang='lat' dir='ltr'>res</span> <span class='ocrx_word' id='word_1_69' title='bbox 922 1123 1145 1185; x_wconf 85' lang='lat' dir='ltr'>bellicas</span> <span class='ocrx_word' id='word_1_70' title='bbox 1161 1122 1416 1201; x_wconf 71' lang='lat' dir='ltr'>gesserat,</span> <span class='ocrx_word' id='word_1_71' title='bbox 1442 1142 1501 1185; x_wconf 87' lang='lat' dir='ltr'>et</span> <span class='ocrx_word' id='word_1_72' title='bbox 1516 1128 1611 1185; x_wconf 84' lang='lat' dir='ltr'>tri-</span> 
     </span>
     <span class='ocr_line' id='line_1_13' title="bbox 405 1204 1611 1290; baseline 0 -19"><span class='ocrx_word' id='word_1_73' title='bbox 405 1212 614 1290; x_wconf 83' lang='lat' dir='ltr'>umpho</span> <span class='ocrx_word' id='word_1_74' title='bbox 627 1208 848 1288; x_wconf 78' lang='lat' dir='ltr'>dignas,</span> <span class='ocrx_word' id='word_1_75' title='bbox 869 1204 991 1269; x_wconf 72' lang='lat' dir='ltr'>non</span> <span class='ocrx_word' id='word_1_76' title='bbox 1008 1224 1123 1269; x_wconf 82' lang='lat' dir='ltr'>erat</span> <span class='ocrx_word' id='word_1_77' title='bbox 1154 1225 1341 1269; x_wconf 85' lang='lat' dir='ltr'>tamen</span> <span class='ocrx_word' id='word_1_78' title='bbox 1364 1214 1417 1270; x_wconf 88' lang='lat' dir='ltr'>ei</span> <span class='ocrx_word' id='word_1_79' title='bbox 1442 1214 1611 1271; x_wconf 88' lang='lat' dir='ltr'>tribu-</span> 
     </span>
     <span class='ocr_line' id='line_1_14' title="bbox 407 1294 1614 1375; baseline -0.001 -19"><span class='ocrx_word' id='word_1_80' title='bbox 407 1295 634 1370; x_wconf 83' lang='lat' dir='ltr'>endum,</span> <span class='ocrx_word' id='word_1_81' title='bbox 657 1294 810 1375; x_wconf 86' lang='lat' dir='ltr'>quod</span> <span class='ocrx_word' id='word_1_82' title='bbox 828 1316 931 1356; x_wconf 87' lang='lat' dir='ltr'>nec</span> <span class='ocrx_word' id='word_1_83' title='bbox 952 1295 1285 1368; x_wconf 82' lang='lat' dir='ltr'>L.Aemilio,</span> <span class='ocrx_word' id='word_1_84' title='bbox 1304 1316 1410 1355; x_wconf 88' lang='lat' dir='ltr'>nec</span> <span class='ocrx_word' id='word_1_85' title='bbox 1430 1298 1614 1356; x_wconf 86' lang='lat' dir='ltr'>Aemi·</span> 
     </span>
     <span class='ocr_line' id='line_1_15' title="bbox 409 1378 1611 1459; baseline -0.001 -19"><span class='ocrx_word' id='word_1_86' title='bbox 409 1382 560 1440; x_wconf 85' lang='lat' dir='ltr'>liano</span> <span class='ocrx_word' id='word_1_87' title='bbox 589 1382 854 1459; x_wconf 79' lang='lat' dir='ltr'>Scipioni,</span> <span class='ocrx_word' id='word_1_88' title='bbox 892 1401 995 1440; x_wconf 88' lang='lat' dir='ltr'>nec</span> <span class='ocrx_word' id='word_1_89' title='bbox 1018 1378 1283 1459; x_wconf 82' lang='lat' dir='ltr'>superiori</span> <span class='ocrx_word' id='word_1_90' title='bbox 1318 1382 1611 1457; x_wconf 84' lang='lat' dir='ltr'>Africano,</span> 
     </span>
     <span class='ocr_line' id='line_1_16' title="bbox 410 1466 1708 1545; baseline 0.001 -20"><span class='ocrx_word' id='word_1_91' title='bbox 410 1486 516 1527; x_wconf 86' lang='lat' dir='ltr'>nec</span> <span class='ocrx_word' id='word_1_92' title='bbox 532 1468 840 1540; x_wconf 85' lang='lat' dir='ltr'>Mario‚nec</span> <span class='ocrx_word' id='word_1_93' title='bbox 859 1468 1147 1545; x_wconf 86' lang='lat' dir='ltr'>Pompeio,</span> <span class='ocrx_word' id='word_1_94' title='bbox 1161 1468 1257 1544; x_wconf 86' lang='lat' dir='ltr'>qui</span> <span class='ocrx_word' id='word_1_95' title='bbox 1272 1466 1492 1544; x_wconf 77' lang='lat' dir='ltr'>majora</span> <span class='ocrx_word' id='word_1_96' title='bbox 1506 1468 1611 1526; x_wconf 85' lang='lat' dir='ltr'>bel·</span> <span class='ocrx_word' id='word_1_97' title='bbox 1707 1466 1708 1498; x_wconf 61' lang='lat'>¹</span> 
     </span>
     <span class='ocr_line' id='line_1_17' title="bbox 412 1550 1706 1631; baseline -0.002 -20"><span class='ocrx_word' id='word_1_98' title='bbox 412 1552 466 1611; x_wconf 89' lang='lat' dir='ltr'>la</span> <span class='ocrx_word' id='word_1_99' title='bbox 480 1550 780 1629; x_wconf 69' lang='lat' dir='ltr'>gesserunt:</span> <span class='ocrx_word' id='word_1_100' title='bbox 808 1550 1075 1631; x_wconf 81' lang='lat' dir='ltr'>sed,quod</span> <span class='ocrx_word' id='word_1_101' title='bbox 1092 1550 1308 1611; x_wconf 71' lang='lat' dir='ltr'>silentio</span> <span class='ocrx_word' id='word_1_102' title='bbox 1326 1554 1492 1613; x_wconf 81' lang='lat' dir='ltr'>civile</span> <span class='ocrx_word' id='word_1_103' title='bbox 1506 1552 1613 1612; x_wconf 89' lang='lat' dir='ltr'>bel·</span> <span class='ocrx_word' id='word_1_104' title='bbox 1705 1604 1706 1629; x_wconf 25' lang='lat'>¹</span> 
     </span>
     <span class='ocr_line' id='line_1_18' title="bbox 409 1636 1617 1717; baseline -0.001 -19"><span class='ocrx_word' id='word_1_105' title='bbox 409 1637 528 1698; x_wconf 88' lang='lat' dir='ltr'>lum</span> <span class='ocrx_word' id='word_1_106' title='bbox 543 1636 879 1709; x_wconf 83' lang='lat' dir='ltr'>confecerat,</span> <span class='ocrx_word' id='word_1_107' title='bbox 903 1657 1025 1697; x_wconf 86' lang='lat' dir='ltr'>cum</span> <span class='ocrx_word' id='word_1_108' title='bbox 1046 1640 1281 1717; x_wconf 86' lang='lat' dir='ltr'>primum</span> <span class='ocrx_word' id='word_1_109' title='bbox 1306 1638 1489 1715; x_wconf 83' lang='lat' dir='ltr'>licuit,</span> <span class='ocrx_word' id='word_1_110' title='bbox 1520 1640 1617 1698; x_wconf 85' lang='lat' dir='ltr'>ho-</span> 
     </span>
     <span class='ocr_line' id='line_1_19' title="bbox 415 1722 1704 1786; baseline 0 -3"><span class='ocrx_word' id='word_1_111' title='bbox 415 1743 584 1783; x_wconf 81' lang='lat' dir='ltr'>nores</span> <span class='ocrx_word' id='word_1_112' title='bbox 599 1727 656 1781; x_wconf 87' lang='lat' dir='ltr'>in</span> <span class='ocrx_word' id='word_1_113' title='bbox 673 1744 799 1782; x_wconf 80' lang='lat' dir='ltr'>eum</span> <span class='ocrx_word' id='word_1_114' title='bbox 815 1722 1091 1783; x_wconf 83' lang='lat' dir='ltr'>maximos</span> <span class='ocrx_word' id='word_1_115' title='bbox 1107 1722 1437 1786; x_wconf 77' lang='lat' dir='ltr'>contulistis·</span> <span class='ocrx_word' id='word_1_116' title='bbox 1500 1730 1609 1784; x_wconf 72' lang='lat' dir='ltr'>Ex·</span> <span class='ocrx_word' id='word_1_117' title='bbox 1636 1736 1658 1777; x_wconf 86' lang='lat'><em>5</em></span> <span class='ocrx_word' id='word_1_118' title='bbox 1703 1756 1704 1759; x_wconf 36' lang='lat'>¹</span> 
     </span>
     <span class='ocr_line' id='line_1_20' title="bbox 413 1808 1702 1898; baseline -0.001 -28"><span class='ocrx_word' id='word_1_119' title='bbox 413 1808 682 1870; x_wconf 84' lang='lat' dir='ltr'>istimasne</span> <span class='ocrx_word' id='word_1_120' title='bbox 697 1808 1204 1888; x_wconf 82' lang='lat' dir='ltr'>igitur‚M.Lepide,</span> <span class='ocrx_word' id='word_1_121' title='bbox 1222 1809 1437 1887; x_wconf 84' lang='lat' dir='ltr'>qualem</span> <span class='ocrx_word' id='word_1_122' title='bbox 1454 1818 1615 1871; x_wconf 83' lang='lat' dir='ltr'>Pom·</span> <span class='ocrx_word' id='word_1_123' title='bbox 1701 1864 1702 1898; x_wconf 59' lang='lat'><em>÷</em></span> 
     </span>
     <span class='ocr_line' id='line_1_21' title="bbox 416 1893 1619 1976; baseline -0.002 -21"><span class='ocrx_word' id='word_1_124' title='bbox 416 1899 599 1976; x_wconf 81' lang='lat' dir='ltr'>peium</span> <span class='ocrx_word' id='word_1_125' title='bbox 615 1894 906 1973; x_wconf 84' lang='lat' dir='ltr'>respublica</span> <span class='ocrx_word' id='word_1_126' title='bbox 920 1896 1173 1953; x_wconf 83' lang='lat' dir='ltr'>habitura</span> <span class='ocrx_word' id='word_1_127' title='bbox 1186 1893 1250 1953; x_wconf 82' lang='lat' dir='ltr'>fit</span> <span class='ocrx_word' id='word_1_128' title='bbox 1264 1897 1465 1970; x_wconf 83' lang='lat' dir='ltr'>civem,</span> <span class='ocrx_word' id='word_1_129' title='bbox 1486 1894 1619 1954; x_wconf 79' lang='lat' dir='ltr'>tales</span> 
     </span>
     <span class='ocr_line' id='line_1_22' title="bbox 374 1979 1700 2059; baseline 0 -19"><span class='ocrx_word' id='word_1_130' title='bbox 374 2006 386 2019; x_wconf 93' lang='lat'><strong>·</strong></span> <span class='ocrx_word' id='word_1_131' title='bbox 419 1982 638 2041; x_wconf 83' lang='lat' dir='ltr'>futuros</span> <span class='ocrx_word' id='word_1_132' title='bbox 654 1983 711 2040; x_wconf 89' lang='lat' dir='ltr'>in</span> <span class='ocrx_word' id='word_1_133' title='bbox 731 1979 1014 2059; x_wconf 79' lang='lat' dir='ltr'>republica</span> <span class='ocrx_word' id='word_1_134' title='bbox 1030 1980 1345 2039; x_wconf 80' lang='lat' dir='ltr'>Antonios?</span> <span class='ocrx_word' id='word_1_135' title='bbox 1366 1981 1429 2038; x_wconf 88' lang='lat' dir='ltr'>in</span> <span class='ocrx_word' id='word_1_136' title='bbox 1448 1979 1618 2040; x_wconf 83' lang='lat' dir='ltr'>altero</span> <span class='ocrx_word' id='word_1_137' title='bbox 1699 1992 1700 2030; x_wconf 55' lang='grc' dir='ltr'>ἰ</span> 
     </span>
     <span class='ocr_line' id='line_1_23' title="bbox 421 2064 1619 2147; baseline 0 -22"><span class='ocrx_word' id='word_1_138' title='bbox 421 2066 622 2147; x_wconf 75' lang='lat' dir='ltr'>pudor,</span> <span class='ocrx_word' id='word_1_139' title='bbox 653 2069 914 2144; x_wconf 83' lang='lat' dir='ltr'>gravitas,</span> <span class='ocrx_word' id='word_1_140' title='bbox 942 2064 1272 2136; x_wconf 76' lang='lat' dir='ltr'>moder-atie,</span> <span class='ocrx_word' id='word_1_141' title='bbox 1296 2066 1587 2143; x_wconf 84' lang='lat' dir='ltr'>integritas</span> <span class='ocrx_word' id='word_1_142' title='bbox 1600 2087 1619 2125; x_wconf 73' lang='grc' dir='ltr'><strong><em>ε</em></strong></span> 
     </span>
     <span class='ocr_line' id='line_1_24' title="bbox 423 2150 1622 2230; baseline 0 -19"><span class='ocrx_word' id='word_1_143' title='bbox 423 2155 482 2211; x_wconf 85' lang='lat' dir='ltr'>in</span> <span class='ocrx_word' id='word_1_144' title='bbox 507 2152 614 2211; x_wconf 85' lang='lat' dir='ltr'>illis</span> <span class='ocrx_word' id='word_1_145' title='bbox 629 2151 714 2221; x_wconf 81' lang='lat' dir='ltr'>(ct</span> <span class='ocrx_word' id='word_1_146' title='bbox 735 2172 857 2210; x_wconf 86' lang='lat' dir='ltr'>cum</span> <span class='ocrx_word' id='word_1_147' title='bbox 888 2155 991 2211; x_wconf 84' lang='lat' dir='ltr'>hos</span> <span class='ocrx_word' id='word_1_148' title='bbox 1024 2150 1317 2229; x_wconf 85' lang='lat' dir='ltr'>compello,</span> <span class='ocrx_word' id='word_1_149' title='bbox 1340 2166 1622 2230; x_wconf 84' lang='lat' dir='ltr'>praetereo</span> 
     </span>
     <span class='ocr_line' id='line_1_25' title="bbox 423 2236 1696 2313; baseline -0.001 -17"><span class='ocrx_word' id='word_1_150' title='bbox 423 2241 610 2297; x_wconf 82' lang='lat' dir='ltr'>animo</span> <span class='ocrx_word' id='word_1_151' title='bbox 627 2259 697 2296; x_wconf 88' lang='lat' dir='ltr'>ex</span> <span class='ocrx_word' id='word_1_152' title='bbox 706 2257 870 2313; x_wconf 84' lang='lat' dir='ltr'>grege</span> <span class='ocrx_word' id='word_1_153' title='bbox 882 2236 1158 2295; x_wconf 82' lang='lat' dir='ltr'>latrocinii</span> <span class='ocrx_word' id='word_1_154' title='bbox 1175 2238 1488 2313; x_wconf 85' lang='lat' dir='ltr'>neminem)</span> <span class='ocrx_word' id='word_1_155' title='bbox 1504 2238 1623 2297; x_wconf 82' lang='lat' dir='ltr'>libi·</span> <span class='ocrx_word' id='word_1_156' title='bbox 1695 2284 1696 2287; x_wconf 15' lang='grc' dir='ltr'>η</span> 
     </span>
     <span class='ocr_line' id='line_1_26' title="bbox 421 2320 1622 2395; baseline -0.002 -14"><span class='ocrx_word' id='word_1_157' title='bbox 421 2322 605 2395; x_wconf 60' lang='lat' dir='ltr'>dina,</span> <span class='ocrx_word' id='word_1_158' title='bbox 627 2322 842 2395; x_wconf 82' lang='lat' dir='ltr'>scelera,</span> <span class='ocrx_word' id='word_1_159' title='bbox 875 2322 943 2381; x_wconf 81' lang='lat' dir='ltr'>ad</span> <span class='ocrx_word' id='word_1_160' title='bbox 960 2342 1125 2381; x_wconf 86' lang='lat' dir='ltr'>omne</span> <span class='ocrx_word' id='word_1_161' title='bbox 1142 2320 1353 2380; x_wconf 83' lang='lat' dir='ltr'>facinus</span> <span class='ocrx_word' id='word_1_162' title='bbox 1370 2323 1622 2382; x_wconf 79' lang='lat' dir='ltr'>immanis</span> 
     </span>
    </p>
   </div>
   <div class='ocr_carea' id='block_1_3' title="bbox 297 2406 1625 2481">
    <p class='ocr_par' dir='ltr' id='par_1_3' title="bbox 297 2406 1625 2481">
     <span class='ocr_line' id='line_1_27' title="bbox 297 2406 1625 2481; baseline 0.001 -17"><span class='ocrx_word' id='word_1_163' title='bbox 297 2414 304 2422; x_wconf 92' lang='lat'><em>&#39;</em></span> <span class='ocrx_word' id='word_1_164' title='bbox 419 2406 664 2465; x_wconf 79' lang='lat' dir='ltr'>audacia.</span> <span class='ocrx_word' id='word_1_165' title='bbox 689 2406 887 2465; x_wconf 75' lang='lat' dir='ltr'>deinde</span> <span class='ocrx_word' id='word_1_166' title='bbox 902 2406 1127 2466; x_wconf 89' lang='lat' dir='ltr'>obsecro</span> <span class='ocrx_word' id='word_1_167' title='bbox 1140 2426 1246 2466; x_wconf 81' lang='lat' dir='ltr'>vos</span> <span class='ocrx_word' id='word_1_168' title='bbox 1251 2450 1271 2481; x_wconf 89' lang='lat'>‚</span> <span class='ocrx_word' id='word_1_169' title='bbox 1287 2414 1473 2467; x_wconf 85' lang='lat' dir='ltr'>Patres</span> <span class='ocrx_word' id='word_1_170' title='bbox 1490 2428 1625 2468; x_wconf 84' lang='lat' dir='ltr'>con-</span> 
     </span>
    </p>
   </div>
   <div class='ocr_carea' id='block_1_4' title="bbox 423 2488 1692 2581">
    <p class='ocr_par' dir='ltr' id='par_1_4' title="bbox 423 2488 1692 2581">
     <span class='ocr_line' id='line_1_28' title="bbox 423 2488 1692 2581; baseline 0 -28"><span class='ocrx_word' id='word_1_171' title='bbox 423 2488 630 2576; x_wconf 75' lang='lat' dir='ltr'>scripti,</span> <span class='ocrx_word' id='word_1_172' title='bbox 647 2490 772 2574; x_wconf 80' lang='lat' dir='ltr'>quis</span> <span class='ocrx_word' id='word_1_173' title='bbox 789 2494 897 2555; x_wconf 84' lang='lat' dir='ltr'>hoc</span> <span class='ocrx_word' id='word_1_174' title='bbox 912 2490 1153 2557; x_wconf 70' lang='lat' dir='ltr'>vestrsun</span> <span class='ocrx_word' id='word_1_175' title='bbox 1168 2512 1286 2553; x_wconf 84' lang='lat' dir='ltr'>non</span> <span class='ocrx_word' id='word_1_176' title='bbox 1304 2490 1625 2581; x_wconf 79' lang='lat' dir='ltr'>videt,und</span> <span class='ocrx_word' id='word_1_177' title='bbox 1690 2548 1692 2564; x_wconf 84' lang='grc'>,</span> 
     </span>
    </p>
   </div>
  </div>
 </body>
</html>
