1742 3067
382 181 424 243 4·
555 167 663 227 IN
712 170 797 229 Μ.
852 172 1413 231 ANTONIUM

389 284 511 331 tum
524 272 587 331 in
614 272 863 353 impuros
885 288 944 333 et
965 274 1208 335 nefarios
1237 271 1470 347 liberos;
1495 287 1574 355 ta·

384 354 564 436 lisque
576 358 781 420 everfio
798 359 945 420 illius
973 376 1256 437 execratae
1271 361 1572 435 columnae,

270 447 275 452 ’
384 457 452 503 ut
464 444 814 505 mirum‘mihi
836 446 1105 521 videatur,
1133 463 1246 507 tam
1274 446 1432 507 valde
1449 447 1569 507 reli-

383 548 556 610 quum
572 546 789 612 tempus
812 534 881 593 ab
898 532 996 591 illo
1013 552 1128 593 uno
1155 532 1246 593 die
1274 530 1568 593 dissenliffe.

384 635 512 675 ecce
528 619 677 679 enim
692 618 942 678 kalendis
957 618 1162 696 Juniis,
1185 621 1388 699 quibus
1403 634 1464 677 ut
1477 619 1570 678 ad-

380 700 635 780 essemus,
656 703 931 779 edixerat3
963 720 1172 765 mutata
1187 707 1406 765 omnia=
1435 703 1569 763 nihil

380 810 483 869 per
502 788 769 867 senatum,
790 791 962 851 multa
983 807 1038 849 et
1068 812 1268 870 magna
1281 812 1378 873 per
1398 810 1570 873 popu·

378 876 521 951 lum,
540 891 596 935 et
608 874 824 937 absente
832 876 1067 958 populo,
1083 893 1139 935 et
1153 880 1354 937 invito.
1379 874 1572 937 consu-

379 962 461 1021 les
476 962 735 1042 designati
766 962 819 1023 se
834 964 1031 1023 audere
1061 965 1333 1041 negabant
1344 964 1405 1023 in
1423 961 1572 1023 sena·-

380 1062 501 1107 tum
520 1050 711 1109 venire
722 1072 741 1109 ε
766 1050 973 1129 patriae
988 1050 1308 1109 liberatores
1329 1052 1460 1108 urbe
1474 1070 1572 1111 sca-

376 1136 577 1195 tebant
596 1156 683 1210 ea,
694 1137 863 1213 -cujus
879 1154 910 1193 a
923 1136 1228 1195 cervicibus
1251 1136 1450 1213 jugum
1461 1132 1572 1195 set-

374 1219 493 1281 vile
519 1219 861 1301 dejecerantz
891 1240 1032 1301 quos
1057 1234 1240 1280 tamen
1263 1218 1360 1301 ipfi
1373 1219 1572 1283 consu·

372 1304 457 1367 les
473 1321 529 1366 et
548 1308 607 1365 in
628 1308 1017 1384 concionibus,
1035 1322 1096 1367 et
1113 1304 1356 1367 inomni
1371 1304 1572 1367 sermo·

374 1412 463 1451 ne·
471 1392 789 1453 laudabant.
834 1395 1084 1454 veterani
1114 1394 1212 1473 qui
1229 1393 1575 1474 appellaban-

374 1492 489 1560 tur,
518 1480 717 1559 quibus
732 1481 821 1541 hic
842 1479 1402 1557 ordodiligentiffime
1416 1500 1576 1539 cave-

369 1579 483 1641 rat,
526 1586 647 1625 non
684 1565 751 1625 ad
782 1563 1254 1627 conservationem
1281 1585 1466 1625 earum
1485 1586 1578 1625 re-

372 1670 523 1727 rum,
546 1670 683 1730 qua-s
696 1652 994 1727 habebant,
1015 1650 1105 1711 sed
1127 1651 1196 1711 ad
1217 1649 1366 1731 spem
1395 1672 1574 1711 nova-

370 1756 498 1797 rum
515 1737 837 1817 praedarum
850 1739 1244 1798 incitabantur.
1277 1758 1434 1816 quae
1445 1757 1577 1798 cum

373 1822 562 1883 audire
580 1822 831 1899 mallem,
861 1844 1028 1903 quam
1061 1820 1580 1897 viderz'haberem-

349 1928 483 1988 -que
498 1909 593 1987 jus
608 1910 902 1987 legationis
915 1909 1141 1969 liberum
1147 1952 1164 1983 ‚
1187 1931 1250 1969 ea
1264 1924 1450 1969 mente
1465 1906 1578 1969 dis-

370 1994 514 2071 eeffi,
529 2011 591 2055 ut
606 1994 832 2055 adessem
846 1995 1096 2056 kalendis
1113 1995 1578 2075 Januariis,quod

368 2080 592 2141 initium
623 2080 837 2141 senatus
858 2082 1092 2159 cogendi
1115 2082 1575 2143 formidabatur.

370 2165 640 2246 Exposui,
660 2175 849 2229 Patres
865 2167 1580 2247 conscriptisprofeetionis
1609 2200 1635 2245 3

369 2250 688 2313 consiliunn
720 2274 871 2314 nunc
901 2252 1247 2330 reverfioniS,
1265 2272 1416 2333 :quae
1431 2252 1584 2333 ,plus

369 2337 755 2399 admirationis
783 2332 968 2415 habet,
1005 2341 1244 2400 breviter
1263 2358 1584 2420 exponam.

368 2442 497 2485 cum
512 2424 871 2487 Brundufium
877 2469 897 2502 ,
911 2428 1126 2505 iterque
1139 2425 1462 2505 illnd‚quod·
1471 2429 1584 2486 tti-

353 2524 491 2575 mun
511 2511 573 2575 in
596 2513 886 2578 Graeciam
905 2510 1003 2595 est,
1031 2533 1152 2577 non
1170 2510 1292 2597 ¹line
1313 2510 1585 2576 causa-vi·
