1742 3067
372 196 447 269 46
532 197 632 252 IN
684 194 770 249 M.
826 186 1411 247 ANTonM

362 294 477 357 *ΕΜ
496 320 513 356 2
534 291 984 376 quandoquidem
1008 292 1229 351 tertium
1247 290 1386 349 nihil
1403 288 1596 370 potest

368 382 499 443 esse.
548 381 681 461 quid
698 378 799 440 est?
824 400 959 438 num
975 380 1252 437 conturbo
1269 392 1325 435 te
1342 378 1362 435 ἓ
1384 398 1507 437 non
1523 398 1593 437 e·-

368 472 493 531 nim
507 465 727 529 fortaffe
742 463 894 539 satis,
909 485 1049 544 quae
1063 464 1366 523 difflue-‘tius
1381 464 1590 525 dicun-

368 574 487 630 tur,
511 553 795 629 intelligis.
832 544 922 611 sed
939 570 1119 611 tamen
1139 554 1270 609 haec
1281 548 1358 608 est
1373 548 1594 611 summa

375 639 745 701 conclufionis
768 658 949 697 meae:
966 639 1245 713 Quoniam
1261 635 1456 695 scelere
1477 656 1510 696 ει
1525 650 1590 697 te

374 729 595 789 liberati
632 725 779 800 sunt,
826 726 895 783 ab
925 724 1119 784 eodem
1155 738 1212 783 te
1249 723 1588 803 amplissimis

376 816 633 894 praemiis
670 812 1008 889 dignissimos
1040 810 1344 888 judicatos.
1393 811 1591 889 imque

372 903 490 979 jam
508 915 699 959 retexo
714 900 1027 959 orationem
1043 917 1240 957 meam.
1267 893 1494 956 scribam
1511 896 1592 956 ad

380 988 532 1059 illos,
555 1001 641 1059 ut,
665 983 703 1043 fi
726 985 824 1065 qui
839 984 1006 1058 forte,
1035 982 1189 1063 quod
1207 1004 1238 1041 a
1251 997 1309 1041 te
1329 983 1462 1043 mihi
1475 984 1592 1041 ob·-

377 1075 581 1152 jestum
616 1071 714 1145 est,
762 1084 1048 1150 quaerent,
1084 1068 1221 1128 fitne
1245 1088 1438 1129 verum
1453 1090 1472 1127 z
1513 1088 1594 1127 ne

378 1162 473 1219 cui
497 1173 715 1234 negent.
760 1159 968 1215 etenim
991 1176 1208 1230 vereor,
1232 1175 1304 1213 ne
1335 1169 1430 1215 aut
1444 1154 1595 1213 cela·

386 1261 505 1305 tum
524 1266 610 1303 me
628 1247 695 1303 ab
706 1242 859 1323 {pfl-v„
885 1242 992 1303 illis
1009 1262 1130 1301 non
1145 1240 1430 1302 honestum
1451 1262 1472 1314 ς
1491 1252 1595 1299 aut

357 1382 363 1387 .
383 1333 683 1392 invitatum
708 1326 1110 1407 refugiffe,mihi
1123 1327 1186 1387 fit
1203 1327 1594 1409 turpissimum.

386 1438 527 1499 quae
550 1420 695 1477 enim
710 1436 799 1476 res
822 1436 1090 1495 unquam,
1111 1416 1220 1494 pro
1239 1412 1414 1475 sanae
1427 1415 1597 1494 Jupi-

386 1508 495 1564 ter!
522 1524 640 1563 non
662 1502 863 1563 modo
848 1522 907 1561 m
926 1506 1028 1562 hac
1043 1503 1200 1577 urbe,
1221 1499 1387 1561 sedin
1401 1502 1598 1559 omni-

388 1593 493 1650 bus
508 1592 667 1649 terris
684 1586 757 1648 est
771 1587 914 1667 gesta
927 1589 1142 1665 major.
1129 1589 1149 1629 Ρ
1184 1607 1327 1667 quae
1339 1584 1598 1665 gloriosi·-

386 1696 491 1737 or
478 1677 497 1719 θ
547 1696 687 1754 quae
706 1667 1154 1735 commendatior
1177 1676 1284 1733 erit
1303 1676 1599 1733 bominum

390 1764 689 1825 memoriae
702 1761 1157 1862 sempiterna-*effluo
1167 1761 1331 1837 hujus
1347 1779 1436 1819 me
1451 1779 1598 1819 con·

390 1848 491 1909 filii
506 1847 841 1921 societatem,
864 1863 1128 1925 tanquam
1143 1849 1202 1905 in
1217 1866 1418 1925 equum
1435 1851 1600 1905 Tro·-

392 1938 612 2015 janum,
644 1954 769 1995 eum
796 1936 1135 2013 prin-cipibus
1159 1932 1428 1994 includis?
1471 1950 1600 1993 non

394 2019 605 2081 recuso.
654 2042 759 2099 ago
782 2022 944 2078 etiam
969 2022 1192 2097 gratiae„
1219 2038 1450 2098 quoquo
1474 2021 1602 2078 ani-

391 2127 487 2167 mo
503 2106 653 2165 facis.
700 2121 856 2163 tanta
871 2108 1018 2163 enim
1035 2126 1122 2163 res
1139 2104 1234 2178 est,
1251 2120 1313 2164 ut
1329 2104 1602 2165 invidiam

386 2191 567 2266 istam,
591 2210 755 2271 quam
776 2207 837 2249 tu
861 2193 923 2248 in
941 2210 1030 2250 me
1039 2193 1130 2251 vis
1145 2193 1446 2265 concitare,
1469 2210 1604 2252 cum

393 2278 553 2338 laude
583 2298 701 2337 non
726 2296 1058 2356 comparem.
1105 2278 1240 2356 quid
1263 2279 1410 2337 enim
1424 2278 1604 2336 beati-

394 2384 461 2424 us
478 2362 611 2438 illis,
634 2382 778 2443 quos
811 2376 871 2421 tu
903 2361 1160 2442 expulsos
1176 2385 1208 2422 a
1225 2378 1278 2423 te
1295 2362 1606 2444 praedicas5

394 2466 451 2510 et
466 2450 765 2527 relegatos?
792 2451 888 2527 qui
908 2449 1066 2508 locus
1081 2450 1154 2511 est
1169 2466 1266 2509 aut
1283 2466 1398 2509 tam
1421 2448 1605 2511 deser·

398 2553 511 2615 tus,
540 2551 635 2595 aut
650 2551 763 2595 tam
788 2538 1150 2616 inhumanus,
1181 2538 1280 2619 qui
1293 2535 1453 2615 illos,
1485 2556 1604 2619 quo
