1742 3067
252 207 263 218 ·
358 199 924 263 PHILIP‘FIC
953 205 1000 262 A
1035 207 1200 264 xm.
1254 215 1364 281 365

146 303 487 370 rescidistis:
527 309 673 386 leges
706 307 987 370 refixistisz
1029 329 1126 390 per
1154 311 1265 368 vim
1307 319 1363 366 et

148 409 366 456 contra
388 393 623 474 auspicia
646 393 781 454 latas
812 394 1159 456 decrevistist
1188 397 1366 455 totius

150 479 359 542 Italiae
388 480 625 541 delee'tus
654 479 956 541 excitastis:
1005 482 1271 559 collegam
1307 495 1366 538 et

154 565 377 628 socium
393 563 650 628 scelerum
682 570 955 642 omnium,
985 566 1188 627 hostem
1211 565 1364 645 judi-

157 652 417 713 cavistis=
448 672 571 713 cum
588 657 694 712 hoc
718 673 858 733 quae
887 674 997 733 pax
1019 653 1192 732 potest
1221 650 1367 712 ess'e?

158 737 339 799 hostis
356 737 392 797 fi
416 736 544 798 effet
564 753 850 814 externus,
899 755 1080 798 tamen
1111 739 1167 798 id
1191 737 1368 819 ipsum

157 825 293 899 vix,
328 824 526 884 taiibus
556 822 737 900 saetis,
774 823 947 905 pbsset
967 823 1363 905 aliquomodo,

160 913 364 985 maria,
380 924 624 985 montes,
654 912 943 988 regionum
965 910 1370 988 magnitudines

160 995 507 1071 intereffent,
522 996 719 1057 odiffes
734 1018 882 1074 eum,
895 1017 1057 1079 quem
1074 1017 1194 1057 non
1209 996 1366 1057 vide·

164 1102 283 1144 res.
328 1085 387 1142 hi
400 1085 459 1142 in
478 1081 656 1144 oculis
670 1087 991 1159 haerebunt,
1007 1099 1083 1159 et,
1101 1105 1226 1144 cum
1242 1083 1370 1143 lice-

164 1170 275 1244 bit,
296 1169 355 1228 in
372 1169 613 1230 faucibus
628 1192 645 1228 τ
672 1171 874 1249 quibus
903 1173 1051 1230 enim
1073 1169 1238 1250 septis
1254 1177 1386 1230 τεὴν

165 1257 437 1315 immanes
454 1256 655 1314 belluas
671 1256 1107 1315 continebimus?
1127 1271 1182 1314 at
1199 1257 1372 1318 incer-

166 1354 264 1399 tus
290 1343 475 1400 exitus
503 1340 631 1400 belli
655 1340 749 1402 est.
796 1340 869 1400 est
893 1343 1128 1410 omnino
1143 1339 1368 1400 fortium

167 1426 442 1502 virorum,
467 1426 655 1506 quales
678 1447 781 1488 vos
798 1424 902 1486 effit
924 1427 1154 1502 debetis,
1191 1429 1370 1486 virtu-

168 1526 286 1571 tem
320 1512 620 1592 praestaret
660 1527 878 1573 tanturn
921 1515 1068 1572 enim
1107 1509 1327 1594 poffunt
1345 1533 1364 1570 ε

168 1596 427 1659 fortunae
456 1599 669 1678 culpam
715 1619 833 1658 non
860 1597 1228 1658 extimescere.
1273 1595 1368 1656 sed

170 1685 440 1763 quoniam
454 1687 522 1744 ab
538 1689 645 1744 hoc
664 1683 861 1745 ordine
879 1705 994 1744 non
1008 1683 1280 1744 fortitudo
1291 1683 1374 1742 so·

168 1768 309 1844 lum,
339 1791 530 1830 verum
558 1773 727 1830 etiam
756 1769 1018 1852 sapientia
1041 1769 1373 1850 postulaturi

170 1875 488 1935 quanquam
504 1859 603 1915 vix
616 1856 876 1916 videntur
889 1861 1020 1916 haec
1038 1853 1182 1936 poffe
1198 1854 1374 1932 sejun-

170 1941 253 2019 gi,
284 1939 629 2020 sejungamus
653 1953 859 2002 tame'n.
908 1942 1178 2002 fortitudo
1208 1941 1374 2001 dimi·
1399 1989 1406 1994 .

172 2045 299 2086 care
320 2028 499 2103 jubet,
526 2026 728 2106 justum
767 2028 956 2086 odium
988 2025 1256 2100 incendit,
1299 2025 1372 2086 ad·

173 2113 579 2190 confligendum
597 2111 849 2193 impellit.
875 2130 1041 2174 vocat
1057 2113 1126 2172 ad
1151 2114 1370 2193 pericu·

172 2197 309 2260 lum.
356 2198 489 2278 quid
520 2198 808 2278 sapientia?
834 2201 1168 2259 cautioribus
1197 2200 1372 2256 utitur

140 2334 150 2342 .
172 2281 433 2358 consil-iis,
456 2286 515 2344 in
534 2284 805 2364 posterum
820 2286 1096 2365 providet,
1125 2284 1200 2344 est
1215 2286 1370 2344 omni

173 2372 388 2428 ratione
418 2372 735 2450 preteetior.
782 2370 917 2452 quid
946 2373 1116 2448 igitur
1145 2369 1370 2429 censet?

171 2455 469 2535 parendum
486 2455 559 2516 est
570 2459 719 2516 enim
728 2472 911 2536 eatque
929 2456 982 2516 id
999 2459 1266 2535 optimum
1278 2454 1371 2531 ju-

174 2539 482 2621 dicandum,
506 2541 659 2626 quod
678 2541 744 2609 fit
768 2542 1140 2627 sapientissime
1171 2539 1372 2642 eonsti-
