1742 3067
339 155 452 213 272
521 148 629 203 IN
677 150 763 206 M.
815 150 1375 213 ANTONIUM

337 266 404 307 ea
420 248 534 309 acie
558 250 854 331 respeaeStum
869 256 1211 334 haberemus,
1232 256 1323 317 sed
1338 272 1405 318 ut
1432 259 1553 341 ipfi

335 335 476 393 acies
493 334 781 399 subfidium
798 344 1019 401 haberet
1035 345 1201 403 etiam
1221 344 1547 407 transmari-

333 439 495 482 num.
541 440 840 503 praeterea,
882 435 1069 489 Patres
1098 430 1419 510 conscripti,
1454 440 1543 497 Μ.

331 510 563 568 Brutum
580 512 782 573 retinet
795 516 959 575 etiam
983 537 1133 576 nunc
1150 522 1547 599 C.Antonius,

331 594 430 671 qui
442 609 594 655 tenet
611 600 989 677 Apolloniam,
1006 624 1259 681 magnam
1276 606 1472 665 urbem
1490 624 1551 669 et

333 699 589 757 gravemz
617 700 793 759 tenet,
815 690 1044 766 opinor,
1063 689 1363 768 Byllidem=
1391 707 1551 755 tenet

333 771 688 832 Amantiam:
711 772 875 833 instat
916 777 1121 854 Epiro:
1164 792 1323 854 urget
1358 776 1549 858 Illyri-

331 872 482 915 cum:
494 858 655 917 habet
671 857 885 937 aliquot
902 865 1185 938 cohortes,
1199 865 1367 924 habet
1386 868 1548 945 eqni-

331 955 530 1003 tatum.
579 946 709 1005 hinc
739 944 779 1005 fi
823 954 1024 1008 Brutus
1055 950 1163 1009 erit
1176 949 1457 1011 traductus
1476 952 1547 1015 ad

334 1026 482 1087 aliud
493 1022 696 1091 bellum
701 1039 774 1105 ,G
781 1037 1011 1094 tacciam
1028 1051 1171 1095 certe
1186 1035 1549 1101 miserimus.

332 1112 409 1179 est
423 1131 605 1175 autem
619 1120 782 1178 etiam
797 1118 866 1179 de
896 1120 1221 1197 Brundufio‚
1249 1137 1417 1203 atque
1450 1124 1550 1186 illa

334 1218 436 1261 ora
450 1202 642 1263 Italiae
657 1206 1083 1282 providendum.
1107 1228 1429 1289 quanquam
1444 1213 1550 1273 mi-

329 1306 430 1348 ror
445 1288 650 1349 tamdiu
667 1294 870 1351 morari
889 1296 1224 1356 Antonium.
1242 1294 1379 1355 solet
1392 1299 1551 1359 enim

328 1377 577 1455 accipere
593 1375 704 1456 ipse
725 1382 994 1455 manicas,
1012 1400 1121 1440 ‘nec
1150 1381 1362 1441 diutius
1394 1382 1547 1443 obfi-

333 1462 523 1523 dionis
551 1478 760 1525 metum
791 1464 1066 1528 sustinere.
1113 1467 1265 1549 quod
1292 1466 1547 1530 ficonfe·

327 1550 464 1611 ecrit
491 1556 717 1625 Brutus,
740 1567 798 1610 et
825 1554 1163 1613 intellexerit
1200 1554 1329 1635 plus
1352 1555 1407 1616 se
1430 1560 1541 1617 rei-

327 1636 580 1716 publicae
594 1638 965 1721 profuturum‚
988 1639 1029 1700 fi
1046 1641 1391 1703 Dolabellam
1406 1664 1541 1724 per-

327 1720 609 1805 sequatur,
640 1746 804 1805 quam
821 1724 860 1785 fi
876 1729 933 1786 in
954 1728 1182 1787 Graecia
1196 1742 1417 1789 maneat
1432 1750 1451 1789 ε
1476 1750 1541 1789 a·

322 1825 418 1887 get
431 1810 540 1891 ipse
555 1832 651 1891 per
665 1808 794 1885 sese,
819 1828 881 1870 ut
897 1812 1075 1873 adhuc
1104 1834 1332 1893 quoque
1354 1814 1491 1875 fecit
1516 1839 1537 1876 x

326 1917 509 1978 neque
523 1900 583 1957 in
604 1913 688 1958 tot
703 1900 999 1976 incendiis,
1029 1902 1229 1980 quibus
1245 1900 1539 1963 confestim

325 1978 750 2047 succurrendum
779 1984 877 2060 est,
914 1988 1225 2065 expedabit
1258 1984 1533 2050 senatum.

323 2086 526 2133 namet
549 2078 774 2145 Brutus,
798 2088 854 2131 et
886 2074 1090 2132 canius
1120 2074 1309 2166 moltis
1334 2075 1449 2150 jam
1473 2078 1537 2136 in

322 2164 485 2220 rebus
503 2156 612 2239 ipse
630 2155 723 2217 fibi
733 2158 965 2223 ,senatus
988 2157 1114 2218 fuit.
1160 2159 1369 2239 neeesse
1383 2160 1461 2221 est
1474 2184 1534 2223 e-

321 2249 438 2307 nim
469 2248 530 2305 in
561 2259 717 2304 tanta
745 2244 1107 2305 conversione
1122 2244 1535 2325 et'perturbati-

323 2352 437 2391 one
467 2333 716 2389 omnium
747 2351 953 2404 rerum,
977 2333 1315 2411 temporibus
1340 2337 1535 2412 potius

321 2435 536 2496 parere,
560 2436 726 2493 quam
757 2418 1029 2486 ωσι-ἰδῇς.
1078 2438 1181 2475 nec
1206 2420 1357 2477 enim
1376 2440 1533 2480 nunc

322 2502 560 2581 primum
577 2515 671 2559 aut
685 2506 913 2577 BrutuS,
934 2516 1030 2561 aut
1050 2501 1253 2561 Gallius
1284 2502 1537 2583 salutern,
