1742 3067
521 155 1083 212 SUPPOSITAE.
1276 159 1381 218 381

187 255 244 304 ta
265 250 584 320 integerrime
606 255 737 303 aeta?
764 249 895 320 quafi
912 265 1029 300 vero
1054 261 1111 299 tu
1125 247 1184 298 fis
1210 248 1269 298 ab
1292 247 1393 298 illie

186 331 326 387 viris,
353 327 551 386 sallusti,
573 342 731 380 ortus.
773 328 903 395 quod
919 327 952 376 sn
966 327 1098 385 esses,
1119 325 1388 376 nonnullos

184 407 293 473 jam
315 418 422 455 tuae
443 407 760 474 turpitudinis
775 408 983 472 pigeret.
1021 420 1113 472 ego
1128 404 1252 453 meis
1280 420 1387 452 ma·

184 484 377 549 ion-ibus
394 484 576 534 virtute
596 499 705 534 mee
720 481 964 549 praeluxi,
997 493 1069 539 ut,
1082 480 1116 530 fi
1130 481 1265 548 prius
1280 479 1389 529 noti

187 573 295 611 non
322 559 529 620 fuerint,
555 578 582 610 a
614 577 694 612 me
715 560 951 628 accipiant
970 559 1163 610 initium
1194 573 1389 608 memo·

186 637 288 689 riae
311 636 438 686 suae.
479 648 534 687 tu
563 639 662 687 tuis
685 635 804 696 vita,
829 653 978 704 quam
1004 636 1211 702 turpiter
1235 633 1387 702 egisti,

185 729 392 782 magnas
411 713 613 766 effudisti
629 716 865 772 tenebras,
893 724 965 772 ut,
988 713 1136 763 etiam
1153 713 1187 762 fi
1202 711 1389 762 fuerint

184 792 372 859 egregii
399 793 547 852 εἰπε,
581 804 710 842 certe
734 791 962 841 venerint
984 791 1037 838 in
1064 788 1385 839 oblivionem.

184 885 337 936 quare
354 867 458 918 noli
481 869 606 919 mihi
621 869 845 936 antiquos
861 868 995 916 viros
1015 867 1272 932 objectare.
1311 865 1385 915 sa·

184 946 288 994 tius
321 945 388 996 est
422 947 554 996 enim
587 961 667 994 me
695 945 819 994 meis
848 945 990 993 rebus
1020 943 1161 1010 gestis
1197 945 1383 1002 florere,

186 1027 334 1088 quam
366 1023 610 1088 majorum
631 1021 862 1088 opinione
891 1020 1011 1070 niti:
1040 1033 1088 1070 et
1116 1021 1183 1068 ita
1201 1021 1381 1078 vivere,

182 1109 240 1148 ut
258 1116 350 1166 ego
367 1100 452 1150 fim
467 1099 668 1166 posteris
689 1099 812 1150 mels
827 1097 1097 1148 nobilitatis
1120 1098 1315 1147 initium
1330 1109 1384 1148 et

179 1175 379 1226 virtutis
409 1175 708 1242 exemplum.
747 1191 907 1242 neque
936 1190 1015 1224 me
1042 1191 1151 1223 cum
1172 1175 1231 1223 iis
1260 1191 1383 1223 con·

178 1251 304 1305 ferri
329 1252 483 1311 decet,
508 1255 673 1304 Patres
693 1252 968 1318 conscripti,
1001 1252 1087 1318 qui
1105 1251 1206 1316 jam
1222 1250 1383 1301 deces-

177 1327 364 1387 serunt,
389 1329 626 1396 omnique
655 1331 768 1381 odio
793 1340 961 1380 carent
978 1340 1029 1377 et
1060 1328 1268 1377 invidie:
1305 1328 1385 1379 sed

177 1419 294 1456 cum
320 1405 406 1464 eis,
441 1407 526 1474 qui
545 1422 738 1457 mecum
763 1412 862 1458 una
878 1408 928 1456 in
943 1405 1184 1472 republica
1211 1406 1383 1454 versati

175 1483 309 1534 sunt.
349 1483 428 1533 std
459 1483 490 1532 fi
507 1483 684 1534 fuerim
703 1497 786 1535 aut
809 1486 859 1534 in
877 1482 1145 1533 honoribus
1164 1482 1383 1546 petendis

174 1559 326 1610 nimis
347 1561 641 1619 ambitiosus,
680 1564 806 1627 (non
832 1560 961 1609 hanc
974 1559 1079 1608 dico
1096 1557 1380 1626 popularem

175 1637 513 1696 ambitionem,
547 1639 686 1703 cujus
719 1655 800 1689 me
831 1637 1100 1704 principem
1127 1635 1381 1695 confiteor,

172 1713 253 1764 std
267 1712 402 1765 illam
419 1715 738 1780 perniciosam
766 1727 941 1764 eontra
959 1712 1105 1780 leges,
1125 1715 1263 1777 cujus
1278 1715 1380 1780 pri·

172 1805 284 1840 mos
300 1789 492 1841 ordines
519 1791 761 1844 Sallustius
777 1793 947 1856 duxit)
969 1803 1051 1840 aut
1076 1791 1127 1840 in
1159 1791 1382 1856 gerendis

171 1867 548 1935 magistratibus,
590 1881 673 1918 aut
703 1869 756 1918 in
795 1867 1095 1918 vindicandis
1134 1865 1381 1918 maleficiis

173 1955 272 1994 tam
297 1944 506 2004 severus,
541 1957 624 1995 aut
637 1946 689 1994 in
712 1945 891 1996 tuenda
914 1941 1157 2010 republica
1177 1954 1276 1992 tam
1304 1946 1379 1994 vi·

169 2019 343 2088 gilans,
372 2037 521 2087 quam
540 2034 593 2071 tu
613 2021 1015 2088 proscriptionem
1033 2036 1207 2070 vocas:
1236 2019 1379 2071 credo

169 2098 301 2164 quod
315 2113 420 2146 non
439 2114 614 2149 omnes
629 2099 700 2148 tui
716 2097 893 2148 similes
910 2096 1179 2147 incolumes
1204 2095 1255 2146 in
1286 2099 1381 2148 hac

169 2175 288 2222 urbe
304 2171 533 2224 vixissent
550 2193 563 2224 :
581 2186 631 2224 at
647 2188 830 2243 quanto
847 2176 1049 2225 meliore
1061 2172 1169 2222 loco
1183 2172 1379 2241 respub-

163 2248 262 2300 lica
282 2249 442 2308 staret,
471 2249 504 2300 fi
527 2263 580 2301 tu
609 2269 696 2317 par
721 2269 774 2301 ac
799 2250 965 2301 fimilis
984 2249 1288 2300 scelestorum
1309 2251 1381 2302 ci·

163 2327 324 2384 vium,
357 2331 458 2377 una
473 2343 582 2378 cum
601 2327 698 2379 illis
715 2329 1061 2380 adnumeratus
1074 2326 1217 2377 effes?
1245 2344 1307 2376 an
1324 2345 1376 2377 e.

161 2419 230 2470 go
245 2414 368 2452 tunc
385 2402 508 2452 falso
529 2405 702 2472 scripfi,
717 2414 732 2436 ⁸
751 2406 924 2456 cedant
940 2421 1075 2454 arma
1096 2406 1274 2470 togae,'
1293 2405 1379 2471 qui

162 2491 366 2550 togatus
388 2494 603 2534 armatos
627 2495 678 2536 et
702 2500 818 2554 pace
848 2480 1029 2534 bellum
1050 2479 1284 2550 oppreffi?
1311 2497 1377 2532 an
