1742 3067
342 158 453 235 164
502 160 615 219 IN
666 162 753 219 Μ.
808 162 940 220 AN
969 160 1400 222 TONIUM

342 264 466 323 ritis
492 262 770 343 redditur)
786 280 890 325 nec
911 280 1050 327 vero
1079 267 1341 347 cuiquam
1373 266 1582 351 poffix·

344 370 469 411 mus
486 372 921 413 commemorare
949 358 1098 413 hune
1130 358 1406 415 honorem
1427 377 1467 415 a
1491 353 1584 417 se·

343 452 479 497 natu
496 439 763 499 tributum
787 436 1004 519 judicio
1024 439 1248 501 senatus
1260 436 1482 519 soluto,
1506 453 1574 504 et

341 523 540 585 libero.
690 528 882 587 Venio
915 525 984 587 ad
1015 534 1086 587 C.
1105 526 1419 605 Caesarem,
1455 537 1570 591 Pa·
1591 524 1643 566 ¹⁶

344 625 457 671 tres
472 610 793 694 conscripti,
814 616 912 692 qui
936 613 1034 675 nifi
1057 613 1261 690 fumet,
1283 618 1410 696 quis
1433 616 1580 678 nos-

344 700 493 759 trfim
510 696 615 758 esse
636 698 920 779 potuiffiet?
953 698 1346 761 advolabat'ad
1369 706 1576 765 urbem

344 785 701 847 aBrundufio
730 788 902 847 homo
933 788 1440 868 impotentissimus,
1475 810 1575 849 ar·

346 872 485 933 dens
502 872 847 949 odio,animo
864 873 1044 935 hostili
1059 878 1120 935 in
1134 895 1332 936 omnes
1349 878 1577 955 bonos,

346 980 477 1023 cum
490 964 759 1037 exercitu,
784 963 1092 1023 Antonius.
1128 962 1264 1043 quid
1279 964 1448 1039 hujus
1467 984 1575 1024 au·

346 1045 534 1109 daciae
553 1062 611 1108 et
626 1046 807 1108 sceleri
824 1064 1043 1128 poterat
1057 1050 1572 1130 opponi?nondum

349 1134 494 1194 ullos
510 1131 678 1193 duces
698 1137 1050 1210 habebamus,
1069 1158 1190 1195 non
1207 1137 1420 1218 copias:
1433 1138 1572 1199 nul·

348 1220 464 1281 lum
480 1238 595 1281 erat
610 1220 896 1283 confilium
913 1222 1212 1303 publicum,
1229 1221 1384 1283 nulla
1399 1224 1572 1286 liber·

354 1322 461 1368 tasz
474 1307 688 1369 dandae
702 1310 944 1369 cervices
965 1327 1124 1370 erant
1139 1308 1452 1369 crudelitati
1469 1332 1572 1371 ne-

350 1392 545 1455 fariae:
569 1395 755 1475 fugam
772 1398 1163 1476 quaerebamus
1186 1415 1410 1471 omneS,
1425 1416 1572 1476 quae

353 1479 467 1563 ipsa
480 1484 692 1543 exitum
708 1502 827 1543 non
840 1484 1229 1563 habebat.quis
1239 1498 1359 1542 tum
1377 1486 1573 1560 nobis,

356 1570 484 1648 quis
500 1570 709 1650 populo
741 1576 1000 1629 Romano
1023 1568 1230 1629 obtulit
1249 1572 1402 1630 hunc
1423 1567 1572 1633 divi·

356 1675 491 1717 num
510 1655 933 1731 adolescentem,
959 1656 1124 1715 deus?
1157 1660 1276 1737 qui,
1303 1676 1430 1716 cum
1445 1678 1570 1719 om·

358 1745 457 1803 nia
476 1742 543 1803 ad
559 1746 855 1823 perniciem
871 1741 1110 1803 nostram
1125 1743 1378 1823 pestifero
1391 1743 1474 1803 illi
1491 1746 1571 1805 ci·

356 1831 418 1890 vi
432 1844 707 1909 paterent,
724 1830 904 1891 subito
921 1846 1136 1909 praeter
1149 1828 1298 1911 spem
1315 1830 1572 1891 omnium

356 1932 616 1993 exortus,
632 1919 785 1997 prius
804 1917 1048 1977 confecit
1059 1920 1387 1991 exereitum,
1403 1936 1568 1996 quem

360 2004 539 2066 furori
553 2006 884 2064 M.Antonii
899 2004 1399 2084 opponeret‚quam
1417 2000 1566 2082 quis·
1673 2034 1682 2039 -

360 2112 529 2172 quam
570 2095 678 2151 hoc
713 2112 835 2151 eum
883 2092 1132 2168 cogitare
1179 2089 1564 2170 suspicaretur.

360 2180 551 2257 magni
568 2181 811 2238 honores
828 2178 1000 2236 habiti
1019 2182 1130 2239 Cn.
1150 2177 1568 2257 Pompeio,cum

361 2263 491 2324 effet
504 2262 818 2325 adolescens
834 2288 849 2324 ε
870 2279 924 2323 et
942 2263 1165 2343 quidem
1179 2264 1328 2341 jure.
1377 2260 1566 2321 subve-

364 2354 451 2411 nit
480 2352 630 2409 enim
660 2350 1019 2429 reipublicae:
1059 2347 1149 2409 sed
1179 2364 1357 2409 aetate
1385 2346 1563 2411 multo

364 2434 655 2507 robustior,
678 2450 735 2493 et
759 2435 994 2495 militum
1027 2434 1220 2495 ducein
1251 2436 1565 2515 quaerenti·

344 2519 941 2603 untstudioparatioq,
963 2536 1020 2582 et
1033 2522 1094 2593 in
1109 2519 1222 2583 alio
1229 2540 1436 2601 genere
1449 2518 1565 2583 bel-
