1742 3067
316 177 968 238 -1’H1L1'PPICA
1014 177 1177 234 xm.
1232 189 1336 250 3¹3

124 283 307 344 idibus
332 299 487 341 arma
522 299 643 340 non
672 277 930 360 poffimtz
969 279 1214 358 receptui
1237 276 1339 354 fig·

128 389 302 442 num,
348 381 443 426 aut
472 368 884 425 revocationem
927 385 960 424 a
987 364 1134 424 bello
1157 363 1344 422 audire

132 474 265 514 non
297 449 611 532 poffumusr
644 449 921 530 speramus
945 452 1186 530 optimu
1225 450 1342 528 pati

134 539 235 599 vel
268 537 585 596 difficillima
616 537 912 609 malumne,
939 555 1104 614 quam
1121 533 1341 594 servire.

140 621 345 682 Caesar
360 620 607 681 confecit
623 623 888 681 invictum
903 619 1344 680 exercitumzduo

138 709 415 771 fortiffimi
428 705 679 767 consules
694 705 888 766 adsunt
903 727 1026 765 cum
1041 707 1251 786 copiis}
1269 711 1342 765 L.

139 791 605 856 Planci-consulis
626 789 886 869 delignati
904 793 1052 850 varia
1073 807 1131 850 et
1144 809 1346 869 magna

140 879 354 940 auxilia
372 898 501 936 non
526 877 749 938 desuntt
782 877 851 943 de
873 885 949 936 D.
983 879 1138 936 Bruti
1161 876 1344 936 ‘salute

138 979 409 1026 certatur.
456 984 601 1021 unus
640 960 876 1022 furiosus
911 962 1182 1039 gladiator
1218 981 1348 1022 cum

136 1051 550 1109 teceri-imorum
568 1049 843 1108 latronum
862 1069 1026 1106 manu
1043 1065 1240 1108 contra
1249 1067 1349 1126 pa·

136 1137 335 1208 triam,
364 1149 561 1193 contra
575 1134 707 1193 deos
730 1148 979 1213 penates»,
1011 1150 1208 1192 contra
1225 1153 1346 1192 aras

140 1237 209 1280 et
232 1219 413 1294 focos,
443 1236 641 1277 contra
672 1234 910 1297 quatuor
925 1218 1178 1279 consules
1206 1221 1350 1296 gerit

144 1305 383 1366 bellum.
430 1305 557 1361 huic
574 1304 855 1363 cedamus?
873 1305 1044 1382 hujus
1066 1304 1350 1364 conditio-

147 1411 259 1451 nes
276 1389 587 1448 audiamus?
604 1409 729 1449 cum
746 1392 851 1449 hoc
868 1409 1054 1466 pacem
1071 1389 1186 1449 fieri
1203 1389 1352 1468 posse

84 1481 118 1523 8
144 1475 471 1536 credamus?
608 1483 685 1534 At
722 1475 1020 1555 periculum
1051 1474 1144 1549 est,
1178 1497 1250 1534 ne
1281 1479 1350 1535 ab

144 1566 267 1622 hoc
282 1562 676 1640 opprimamur.
713 1581 831 1619 non
848 1575 1056 1635 metuo,
1069 1562 1144 1619 'ne
1158 1563 1230 1635 is,
1253 1565 1354 1638 qui

146 1646 265 1708 suis
282 1647 611 1724 amplissimis
639 1645 908 1720 fortunis;
932 1644 1032 1705 nisi
1063 1648 1224 1705 bonis
1249 1646 1352 1705 sal-

148 1734 267 1806 viS,
298 1732 407 1790 frui
422 1753 539 1790 non
574 1731 766 1812 potest,
800 1731 998 1810 prodat
1019 1729 1240 1790 salutem
1264 1731 1350 1792 su-

146 1839 266 1878 am.
314 1820 495 1876 bonos
512 1820 657 1876 cives
674 1820 910 1896 primum
943 1832 1142 1876 natura
1163 1817 1351 1894 efficit,

146 1904 385 1980 adjuvat
416 1902 613 1962 deinde
634 1903 880 1961 fortuna.
928 1905 1186 1962 omnibus
1203 1907 1351 1964 enim

148 1990 323 2049 bonis
338 1987 584 2066 expedit,
602 1988 801 2046 salvam
816 1986 920 2046 effe
937 1989 1346 2067 rempublicam.

151 2073 321 2134 sedin
338 2075 433 2147 iis,
468 2075 563 2152 qui
592 2074 865 2132 fortunati
899 2073 1049 2148 suut,
1093 2077 1264 2150 magis
1295 2075 1354 2135 id

150 2175 401 2238 apparet.
429 2162 553 2236 quis
570 2157 906 2217 fortunatior
923 2160 1156 2237 Lepido,
1174 2175 1238 2218 ut
1251 2183 1354 2220 an-

152 2260 215 2303 te
229 2245 389 2302 dixi?
424 2244 548 2321 quis
586 2244 781 2303 codem
804 2243 1026 2302 sanior?
1061 2244 1200 2303 vidit
1230 2249 1352 2322 ejus

104 2363 109 2368 ·
150 2328 477 2390 moestitiam
494 2344 657 2406 atque
676 2329 944 2408 lacrymas
970 2331 1204 2408 populus
1239 2335 1355 2390 Ro-

153 2435 357 2477 manus
378 2417 791 2491 Lupercalibus:
810 2416 974 2487 vidit,
993 2420 1156 2494 quam
1175 2418 1354 2494 abjec-

156 2517 281 2577 tus,
298 2505 479 2580 quam
504 2501 785 2564 confectus
808 2499 960 2579 effet,
989 2521 1112 2562 cum
1143 2501 1357 2564 Caesari
