1742 3067
378 190 1010 250 PHILIPPICA
1061 198 1150 251 11.
1281 214 1353 272 37
1451 188 1462 197 '

148 306 325 353 turam
349 312 555 373 corpus
585 296 771 355 vitrici
800 292 878 354 sui
904 310 1070 373 negat
1093 320 1122 358 a
1152 318 1238 358 me
1255 301 1352 360 da—

142 382 396 439 tum.hoc
408 400 545 439 vero
562 400 635 440 ne
652 382 939 460 P.quidem
957 384 1191 444 Clodius
1209 388 1354 448 dixit

144 484 411 543 unquamt
430 484 618 543 quem,
634 469 898 546 quiajure
911 471 962 529 ei
977 468 1054 529 fui
1069 474 1326 532 inimicus
1331 518 1353 549 ,

146 550 307 612 doleo
322 574 355 609 a
370 554 549 629 tejam
568 555 829 611 omnibus
846 557 996 613 vitiis
1015 555 1114 616 effi:
1132 557 1352 639 supera·

149 652 286 699 tum.
312 640 411 718 qui
432 654 613 697 autem
632 641 733 698 tibi
748 643 904 699 venit
921 643 978 699 in
997 660 1236 702 mentem
1243 666 1354 718 ,re-

147 727 329 805 digere
353 725 414 783 in
432 726 751 783 memoriam
768 726 1004 786 nostram
1013 744 1086 800 ‚te
1102 730 1251 789 domi
1285 738 1347 792 P.

148 812 376 871 Lentuli
390 806 497 869 effe
513 812 799 871 educatum
824 814 847 870 ?
881 835 951 872 an
967 818 1247 890 verebare,
1279 838 1352 875 ne

147 918 265 958 non
278 912 591 977 putaremus
604 912 797 955 natura
812 913 868 957 te
879 898 1112 977 potuiss'e
1128 916 1238 960 tam
1255 904 1354 961 im·

145 986 382 1065 probum
399 981 753 1053 evadere,nifi
770 982 1050 1043 acceffiffiet
1065 988 1225 1045 etiam
1245 987 1353 1047 dis·

100 1084 124 1127 8
144 1070 393 1151 ciplina?
520 1074 670 1126 'ram
696 1086 874 1127 autem
903 1092 1022 1129 eras
1039 1092 1260 1147 excors,
1289 1088 1354 1133 ut

140 1171 261 1217 tota
276 1159 338 1214 in
356 1154 615 1214 oratione
624 1169 718 1213 tua
734 1170 917 1215 tecum
935 1156 1044 1235 ipse
1053 1178 1350 1236 pugnarem

142 1259 208 1303 ut
238 1262 361 1302 non
400 1240 575 1299 modo
604 1260 723 1299 non
748 1244 1099 1303 cohaerentia
1121 1246 1270 1303 inter
1300 1244 1354 1304 st·

141 1330 354 1390 diceres
360 1326 470 1401 ,sed
488 1329 723 1387 maxime
737 1326 1201 1409 disjunctafitque
1216 1352 1364 1390 con*

142 1416 344 1475 traria?
372 1428 435 1471 ut
458 1433 575 1471 non
604 1427 759 1472 tanta
788 1434 1021 1489 mecum,
1047 1432 1252 1495 quanta
1273 1433 1352 1478 te·

142 1522 273 1562 cum
296 1501 399 1559 tibi
417 1497 545 1558 effet
570 1502 890 1559 contentio?
917 1503 1175 1561 vitricum
1195 1518 1351 1564 tuum

142 1590 203 1647 in
227 1602 397 1647 tanto
432 1584 585 1643 fuisse
616 1584 831 1660 scelere,
873 1585 1146 1647 fatebare:
1173 1608 1354 1669 poena

140 1672 403 1734 astitum
435 1673 749 1749 querebare.
805 1676 905 1745 ita,
937 1673 1089 1752 quod
1128 1676 1354 1754 proprie

139 1781 325 1821 meum
344 1757 439 1832 est,
470 1756 691 1816 laudasti
706 1778 725 1815 ε
756 1759 908 1835 quod
925 1774 1104 1818 totum
1129 1760 1354 1841 senatos

138 1846 237 1921 est,
284 1843 672 1923 reprehendisti
686 1888 699 1903 .
746 1864 899 1918 nam,
939 1844 1360 1925 comprehenfio

140 1932 413 2004 sontium,
430 1949 573 2001 mea3
594 1929 990 1991 animadversio
995 1974 1013 2004 ‚
1030 1930 1246 1989 senatus
1263 1928 1351 1989 fu-

138 2022 206 2079 it.
260 2022 437 2077 homo
476 2015 709 2075 disertus
748 2038 866 2075 non
901 2016 1180 2094 intelligit,
1204 2038 1353 2091 eum,

136 2124 307 2184 quem
324 2118 525 2163 contra
538 2102 697 2176 dicit,
714 2104 919 2162 laudari
936 2124 967 2160 a
983 2100 1068 2176 se;
1088 2103 1360 2183 eos,apu‹}

138 2210 287 2270 quos
303 2187 1062 2267 dieit,vituperari.jam·illnd
1077 2189 1236 2267 cujus
1255 2186 1352 2263 est,

136 2276 411 2335 nondico
441 2274 721 2349 audaciae,
742 2272 926 2353 (cupit
948 2276 1093 2334 enim
1117 2272 1170 2333 se
1185 2273 1353 2333 auda·

133 2384 257 2423 cem
272 2362 417 2436 dici)
439 2360 552 2435 sed,
576 2360 729 2439 quod
760 2362 984 2420 minime
1008 2360 1150 2434 vult,
1175 2359 1352 2419 stulti-

133 2450 269 2523 tiae,
296 2468 407 2527 qua
422 2450 605 2508 vincit·
632 2466 849 2521 omnes»,
875 2447 1004 2505 clivi
1039 2446 1350 2525 Capitolini

130 2535 485 2599 mentionem
518 2532 725 2613 facere,
760 2554 886 2595 cum
925 2534 1074 2594 'mter
1107 2529 1352 2603 subsellia
