1742 3067
387 199 445 256 1’
466 196 581 256 1211
606 197 655 256 L
676 199 707 256 1
732 199 962 257 PP'I'C
989 199 1039 254 A
1089 197 1222 256 xn.
1292 212 1400 273 293

188 297 296 362 sed
316 302 355 359 ii
378 298 814 380 proficiscantur,
847 303 906 360 in
938 302 1138 380 quibus
1167 321 1281 359 non
1313 299 1399 358 of·

178 385 463 446 fendatur
486 389 789 448 Antonius.
837 387 988 466 quod
1005 385 1043 446 fi
1057 386 1124 445 de
1146 387 1404 446 Antonio

192 493 330 531 non
366 471 652 545 laboratis,
698 475 1026 549 mihieerte‚
1047 479 1234 532 Patres
1266 493 1403 531 con-

192 557 419 636 scripti,
452 555 733 616 consulere
754 559 985 619 debetis,
1035 561 1242 638 parcite
1270 579 1404 617 ocu·

194 643 279 705 lis
299 641 487 716 saltem
502 645 657 717 meir„
680 660 735 702 et
765 644 1004 724 aliquam
1019 647 1242 704 veniam
1257 643 1404 722 justo

188 728 393 788 dolori
422 729 567 789 date.
615 749 729 808 quo
763 733 914 789 enim
943 729 1190 810 adspestu
1221 730 1408 789 videre

197 829 433 896 potere,
469 813 661 884 (mitto
698 815 901 876 hostem
925 819 1162 895 patriae:
1198 837 1269 874 ex
1293 833 1406 894 quo

200 902 348 960 mihi
362 899 552 958 odium
569 902 627 958 in
652 899 801 960 illum
818 923 1110 969 commune
1125 900 1410 961 vobiscum

202 983 403 1060 est)sed
419 986 701 1064 quomodo
719 987 1010 1068 adspiciam
1025 989 1157 1047 mihi
1173 991 1271 1046 uni
1291 1008 1410 1047 cru»

204 1071 525 1132 deliffimum
550 1072 774 1148 hostem,
800 1089 862 1132 ut
899 1074 1175 1133 declarant
1192 1075 1311 1150 ejus
1339 1074 1410 1134 de

206 1177 301 1218 me
329 1157 680 1217 acerbissimae
702 1161 1038 1219 conciones?
1081 1161 1290 1218 adeone
1321 1179 1411 1219 me

204 1241 445 1302 ferreum
464 1247 693 1324 putatia,
716 1261 779 1302 ut
796 1267 923 1304 cum
945 1266 1012 1304 eo
1027 1244 1412 1322 congredi‚aut

206 1327 371 1388 illum
386 1327 658 1408 adspicere
681 1331 869 1409 poffim
893 1332 914 1390 ?
939 1333 1032 1409 qui
1065 1351 1260 1409 nuper,
1287 1351 1411 1390 cum

209 1416 277 1474 in
294 1416 567 1474 concione
582 1414 816 1474 donaret
832 1417 951 1490 eoa,
971 1419 1068 1495 qui
1085 1419 1135 1474 ei
1152 1415 1220 1476 de
1235 1417 1414 1495 parri*-

210 1498 355 1559 cidis
386 1500 705 1560 audacissimi
744 1502 1092 1576 videbantur,
1115 1523 1234 1561 mea
1263 1505 1414 1561 bona

218 1583 431 1644 donare
446 1581 499 1642 se
512 1583 656 1644 dixit
686 1587 898 1646 Petissio
919 1590 1195 1661 Urbinati,
1221 1590 1318 1666 qui
1341 1606 1416 1646 ex

218 1670 506 1748 naufragio
538 1670 799 1730 luculenti
830 1675 1145 1750 patrimonii
1184 1675 1250 1732 ad
1283 1675 1416 1731 haec

220 1757 547 1815 Antoniana
562 1755 689 1815 saxa
705 1757 982 1837 projectus
998 1757 1089 1818 est.
1116 1781 1185 1816 an
1208 1766 1274 1819 L.
1294 1763 1439 1815 An:

220 1843 442 1900 tonium
456 1840 726 1920 adspicere
742 1845 964 1923 potero?
991 1846 1147 1921 cujus
1171 1865 1274 1920 ego
1291 1863 1418 1902 cru·-

203 1927 497 1986 .delitatem
513 1925 748 2004 effugere
764 1949 881 1988 non
899 1928 1206 2008 potuissem,
1219 1928 1317 1988 nifi
1329 1947 1421 1986 me

199 2013 537 2094 upoenibus,
566 2028 621 2070 et
638 2017 836 2092 portis,
860 2031 916 2072 et
932 2013 1104 2073 studio
1127 2016 1419 2092 municipii

224 2100 331 2156 mei
348 2095 715 2159 defendiffcm.
742 2115 907 2178 atque
923 2099 1065 2158 idem
1083 2103 1172 2158 hic
1189 2099 1420 2158 mirmil-

222 2183 287 2242 lo
302 2180 585 2257 Asiaticae,
598 2183 741 2241 latro
758 2185 966 2260 Italiae,
985 2185 1193 2262 collega
1213 2194 1418 2244 Lento·
1471 2201 1476 2206 ’

225 2269 315 2328 nis
345 2282 402 2325 et
434 2268 701 2342 Nuculae,
743 2291 865 2329 cum
905 2270 1118 2350 aquilae
1157 2271 1421 2350 primipili

226 2371 484 2412 nummos
508 2373 699 2412 aureos
722 2356 896 2424 daret,
919 2357 984 2414 de
1015 2359 1148 2414 meis
1179 2360 1344 2415 bonis
1367 2355 1426 2421 se

228 2439 357 2497 dare
372 2437 541 2497 dixit.
588 2438 625 2498 fi
642 2443 787 2500 enim
804 2442 871 2500 de
887 2441 992 2500 suis
1011 2441 1246 2515 dixiffiet,
1278 2463 1346 2500 ne
1361 2461 1420 2498 a·

228 2522 439 2606 quilam
456 2523 685 2605 quidem
710 2525 878 2605 ipsam
903 2527 1234 2592 credituram
1258 2535 1424 2608 puta>⁸
