<?xml version="1.0" encoding="UTF-8"?>
<!DOCTYPE html PUBLIC "-//W3C//DTD XHTML 1.0 Transitional//EN"
    "http://www.w3.org/TR/xhtml1/DTD/xhtml1-transitional.dtd">
<html xmlns="http://www.w3.org/1999/xhtml" xml:lang="en" lang="en">
 <head>
  <title>
</title>
<meta http-equiv="Content-Type" content="text/html;charset=utf-8" />
  <meta name='ocr-system' content='tesseract 3.04.00' />
  <meta name='ocr-capabilities' content='ocr_page ocr_carea ocr_par ocr_line ocrx_word'/>
</head>
<body>
  <div class='ocr_page' id='page_1' title='image "./mtulliiciceroni14unkngoog_0134.png"; bbox 0 0 1742 3067; ppageno 0'>
   <div class='ocr_carea' id='block_1_1' title="bbox 380 188 1428 266">
    <p class='ocr_par' dir='ltr' id='par_1_1' title="bbox 380 188 1428 266">
     <span class='ocr_line' id='line_1_1' title="bbox 380 188 1428 266; baseline -0.002 -15"><span class='ocrx_word' id='word_1_1' title='bbox 380 202 499 266; x_wconf 77' lang='lat'>124</span> <span class='ocrx_word' id='word_1_2' title='bbox 566 192 686 249; x_wconf 64' lang='lat' dir='ltr'>1N=</span> <span class='ocrx_word' id='word_1_3' title='bbox 719 190 807 247; x_wconf 88' lang='lat' dir='ltr'>M.</span> <span class='ocrx_word' id='word_1_4' title='bbox 860 188 1428 249; x_wconf 71' lang='lat' dir='ltr'>ANTONIUM</span> 
     </span>
    </p>
   </div>
   <div class='ocr_carea' id='block_1_2' title="bbox 359 289 1663 2547">
    <p class='ocr_par' dir='ltr' id='par_1_2' title="bbox 359 289 1663 2547">
     <span class='ocr_line' id='line_1_2' title="bbox 386 289 1601 373; baseline 0.002 -20"><span class='ocrx_word' id='word_1_5' title='bbox 386 292 811 373; x_wconf 82' lang='lat' dir='ltr'>providentibus</span> <span class='ocrx_word' id='word_1_6' title='bbox 816 334 835 368; x_wconf 91' lang='lat'>,</span> <span class='ocrx_word' id='word_1_7' title='bbox 864 292 1076 373; x_wconf 88' lang='lat' dir='ltr'>populo</span> <span class='ocrx_word' id='word_1_8' title='bbox 1087 298 1346 355; x_wconf 78' lang='lat' dir='ltr'>Romatio</span> <span class='ocrx_word' id='word_1_9' title='bbox 1356 289 1601 355; x_wconf 76' lang='lat' dir='ltr'>&#39;consen-</span> 
     </span>
     <span class='ocr_line' id='line_1_3' title="bbox 388 378 1599 460; baseline 0.005 -23"><span class='ocrx_word' id='word_1_10' title='bbox 388 382 585 455; x_wconf 83' lang='lat' dir='ltr'>tiente,</span> <span class='ocrx_word' id='word_1_11' title='bbox 606 382 806 439; x_wconf 87' lang='lat' dir='ltr'>erimus</span> <span class='ocrx_word' id='word_1_12' title='bbox 835 378 1085 460; x_wconf 73' lang='lat' dir='ltr'>profeeto</span> <span class='ocrx_word' id='word_1_13' title='bbox 1104 380 1262 440; x_wconf 86' lang='lat' dir='ltr'>liberi</span> <span class='ocrx_word' id='word_1_14' title='bbox 1284 381 1444 441; x_wconf 87' lang='lat' dir='ltr'>brevi</span> <span class='ocrx_word' id='word_1_15' title='bbox 1460 397 1599 443; x_wconf 85' lang='lat' dir='ltr'>tem·</span> 
     </span>
     <span class='ocr_line' id='line_1_4' title="bbox 384 467 1600 549; baseline 0.001 -22"><span class='ocrx_word' id='word_1_16' title='bbox 384 488 545 549; x_wconf 86' lang='lat' dir='ltr'>pore.</span> <span class='ocrx_word' id='word_1_17' title='bbox 586 468 978 545; x_wconf 86' lang='lat' dir='ltr'>jucundiorem</span> <span class='ocrx_word' id='word_1_18' title='bbox 995 483 1178 527; x_wconf 86' lang='lat' dir='ltr'>autem</span> <span class='ocrx_word' id='word_1_19' title='bbox 1191 467 1358 529; x_wconf 83' lang='lat' dir='ltr'>faciet</span> <span class='ocrx_word' id='word_1_20' title='bbox 1371 467 1600 528; x_wconf 80' lang='lat' dir='ltr'>liberta-</span> 
     </span>
     <span class='ocr_line' id='line_1_5' title="bbox 381 552 1663 629; baseline 0 -16"><span class='ocrx_word' id='word_1_21' title='bbox 381 570 499 614; x_wconf 86' lang='lat' dir='ltr'>tem</span> <span class='ocrx_word' id='word_1_22' title='bbox 536 552 811 613; x_wconf 85' lang='lat' dir='ltr'>servitutis</span> <span class='ocrx_word' id='word_1_23' title='bbox 846 553 1180 615; x_wconf 57' lang='lat' dir='ltr'>recordatio·</span> <span class='ocrx_word' id='word_1_24' title='bbox 1327 562 1486 629; x_wconf 75' lang='lat' dir='ltr'>Quas</span> <span class='ocrx_word' id='word_1_25' title='bbox 1525 557 1602 616; x_wconf 88' lang='lat' dir='ltr'>ob</span> <span class='ocrx_word' id='word_1_26' title='bbox 1622 569 1663 613; x_wconf 81' lang='lat'>¹5</span> 
     </span>
     <span class='ocr_line' id='line_1_6' title="bbox 384 639 1596 720; baseline 0.001 -20"><span class='ocrx_word' id='word_1_27' title='bbox 384 662 498 715; x_wconf 73' lang='lat' dir='ltr'>res„</span> <span class='ocrx_word' id='word_1_28' title='bbox 522 640 674 719; x_wconf 85' lang='lat' dir='ltr'>quod</span> <span class='ocrx_word' id='word_1_29' title='bbox 700 641 1102 720; x_wconf 76' lang='lat' dir='ltr'>tribuniplebis</span> <span class='ocrx_word' id='word_1_30' title='bbox 1133 643 1302 701; x_wconf 81' lang='lat' dir='ltr'>verba</span> <span class='ocrx_word' id='word_1_31' title='bbox 1317 639 1596 717; x_wconf 84' lang='lat' dir='ltr'>fecerunt,</span> 
     </span>
     <span class='ocr_line' id='line_1_7' title="bbox 384 726 1597 804; baseline 0 -15"><span class='ocrx_word' id='word_1_32' title='bbox 384 744 451 789; x_wconf 88' lang='lat' dir='ltr'>ut</span> <span class='ocrx_word' id='word_1_33' title='bbox 466 728 682 788; x_wconf 82' lang='lat' dir='ltr'>senatus</span> <span class='ocrx_word' id='word_1_34' title='bbox 706 726 958 787; x_wconf 83' lang='lat' dir='ltr'>kalendis</span> <span class='ocrx_word' id='word_1_35' title='bbox 977 728 1254 804; x_wconf 73' lang='lat' dir='ltr'>januariis</span> <span class='ocrx_word' id='word_1_36' title='bbox 1279 730 1597 789; x_wconf 83' lang='lat' dir='ltr'>tuto-habe-</span> 
     </span>
     <span class='ocr_line' id='line_1_8' title="bbox 381 810 1594 895; baseline 0.002 -22"><span class='ocrx_word' id='word_1_37' title='bbox 381 816 460 889; x_wconf 82' lang='lat' dir='ltr'>ri,</span> <span class='ocrx_word' id='word_1_38' title='bbox 482 814 887 894; x_wconf 83' lang='lat' dir='ltr'>sententiaeque</span> <span class='ocrx_word' id='word_1_39' title='bbox 907 813 976 873; x_wconf 88' lang='lat' dir='ltr'>de</span> <span class='ocrx_word' id='word_1_40' title='bbox 991 810 1201 876; x_wconf 85' lang='lat' dir='ltr'>summa</span> <span class='ocrx_word' id='word_1_41' title='bbox 1229 814 1512 895; x_wconf 83' lang='lat' dir='ltr'>republica</span> <span class='ocrx_word' id='word_1_42' title='bbox 1523 815 1594 875; x_wconf 77' lang='lat' dir='ltr'>li·</span> 
     </span>
     <span class='ocr_line' id='line_1_9' title="bbox 359 899 1596 981; baseline 0 -18"><span class='ocrx_word' id='word_1_43' title='bbox 359 904 511 963; x_wconf 65' lang='lat' dir='ltr'>*bere</span> <span class='ocrx_word' id='word_1_44' title='bbox 534 902 645 961; x_wconf 89' lang='lat' dir='ltr'>dici</span> <span class='ocrx_word' id='word_1_45' title='bbox 668 902 893 981; x_wconf 84' lang='lat' dir='ltr'>poffint=</span> <span class='ocrx_word' id='word_1_46' title='bbox 914 900 982 960; x_wconf 92' lang='lat' dir='ltr'>de</span> <span class='ocrx_word' id='word_1_47' title='bbox 999 920 1062 961; x_wconf 82' lang='lat' dir='ltr'>ea</span> <span class='ocrx_word' id='word_1_48' title='bbox 1079 902 1234 980; x_wconf 82' lang='lat' dir='ltr'>reita</span> <span class='ocrx_word' id='word_1_49' title='bbox 1253 899 1500 977; x_wconf 85' lang='lat' dir='ltr'>censeo,‘</span> <span class='ocrx_word' id='word_1_50' title='bbox 1517 908 1596 963; x_wconf 90' lang='lat' dir='ltr'>Ut</span> 
     </span>
     <span class='ocr_line' id='line_1_10' title="bbox 378 986 1594 1068; baseline 0.002 -21"><span class='ocrx_word' id='word_1_51' title='bbox 378 988 403 1021; x_wconf 88' lang='lat'>‘</span> <span class='ocrx_word' id='word_1_52' title='bbox 426 993 493 1047; x_wconf 90' lang='lat' dir='ltr'>C.</span> <span class='ocrx_word' id='word_1_53' title='bbox 512 986 703 1063; x_wconf 86' lang='lat' dir='ltr'>Pansa,</span> <span class='ocrx_word' id='word_1_54' title='bbox 724 995 795 1049; x_wconf 84' lang='lat' dir='ltr'>A.</span> <span class='ocrx_word' id='word_1_55' title='bbox 815 989 1057 1063; x_wconf 81' lang='lat' dir='ltr'>Hirtius,</span> <span class='ocrx_word' id='word_1_56' title='bbox 1081 986 1328 1047; x_wconf 83' lang='lat' dir='ltr'>consules</span> <span class='ocrx_word' id='word_1_57' title='bbox 1341 987 1594 1068; x_wconf 85' lang='lat' dir='ltr'>defigna·</span> 
     </span>
     <span class='ocr_line' id='line_1_11' title="bbox 380 1072 1588 1155; baseline -0.001 -19"><span class='ocrx_word' id='word_1_58' title='bbox 380 1074 406 1108; x_wconf 87' lang='lat'>‘</span> <span class='ocrx_word' id='word_1_59' title='bbox 430 1078 498 1153; x_wconf 87' lang='lat' dir='ltr'>ti,</span> <span class='ocrx_word' id='word_1_60' title='bbox 535 1076 666 1135; x_wconf 87' lang='lat' dir='ltr'>dent</span> <span class='ocrx_word' id='word_1_61' title='bbox 698 1095 943 1155; x_wconf 86' lang='lat' dir='ltr'>operam,</span> <span class='ocrx_word' id='word_1_62' title='bbox 981 1090 1044 1133; x_wconf 88' lang='lat' dir='ltr'>ut</span> <span class='ocrx_word' id='word_1_63' title='bbox 1077 1072 1299 1135; x_wconf 79' lang='lat' dir='ltr'>senatus</span> <span class='ocrx_word' id='word_1_64' title='bbox 1333 1074 1588 1137; x_wconf 81' lang='lat' dir='ltr'><strong>kalendis</strong></span> 
     </span>
     <span class='ocr_line' id='line_1_12' title="bbox 379 1160 1590 1242; baseline -0.002 -17"><span class='ocrx_word' id='word_1_65' title='bbox 379 1162 406 1195; x_wconf 84' lang='lat'>‘</span> <span class='ocrx_word' id='word_1_66' title='bbox 432 1165 707 1242; x_wconf 78' lang='lat' dir='ltr'>januariis</span> <span class='ocrx_word' id='word_1_67' title='bbox 736 1177 859 1221; x_wconf 88' lang='lat' dir='ltr'>tuto</span> <span class='ocrx_word' id='word_1_68' title='bbox 877 1162 1070 1221; x_wconf 84' lang='lat' dir='ltr'>haberi</span> <span class='ocrx_word' id='word_1_69' title='bbox 1100 1160 1288 1242; x_wconf 73' lang='lat' dir='ltr'>possite</span> <span class='ocrx_word' id='word_1_70' title='bbox 1321 1162 1590 1241; x_wconf 86' lang='lat' dir='ltr'>quodque</span> 
     </span>
     <span class='ocr_line' id='line_1_13' title="bbox 376 1248 1586 1327; baseline -0.003 -14"><span class='ocrx_word' id='word_1_71' title='bbox 376 1250 402 1284; x_wconf 82' lang='lat'>‘</span> <span class='ocrx_word' id='word_1_72' title='bbox 422 1252 661 1313; x_wconf 67' lang='lat' dir='ltr'>edi&amp;um</span> <span class='ocrx_word' id='word_1_73' title='bbox 690 1258 768 1309; x_wconf 88' lang='lat' dir='ltr'>D.</span> <span class='ocrx_word' id='word_1_74' title='bbox 788 1250 966 1322; x_wconf 85' lang='lat' dir='ltr'>Bruti,</span> <span class='ocrx_word' id='word_1_75' title='bbox 990 1248 1360 1327; x_wconf 61' lang='lat' dir='ltr'>imperatoris„</span> <span class='ocrx_word' id='word_1_76' title='bbox 1383 1248 1586 1309; x_wconf 85' lang='lat' dir='ltr'>consu·</span> 
     </span>
     <span class='ocr_line' id='line_1_14' title="bbox 378 1335 1586 1417; baseline -0.002 -17"><span class='ocrx_word' id='word_1_77' title='bbox 378 1337 402 1371; x_wconf 88' lang='lat'>‘</span> <span class='ocrx_word' id='word_1_78' title='bbox 426 1340 497 1399; x_wconf 85' lang='lat' dir='ltr'>lis</span> <span class='ocrx_word' id='word_1_79' title='bbox 514 1336 799 1415; x_wconf 83' lang='lat' dir='ltr'>defignati,</span> <span class='ocrx_word' id='word_1_80' title='bbox 822 1335 1033 1417; x_wconf 85' lang='lat' dir='ltr'>optime</span> <span class='ocrx_word' id='word_1_81' title='bbox 1041 1336 1110 1393; x_wconf 87' lang='lat' dir='ltr'>de</span> <span class='ocrx_word' id='word_1_82' title='bbox 1125 1335 1405 1416; x_wconf 78' lang='lat' dir='ltr'>republica</span> <span class='ocrx_word' id='word_1_83' title='bbox 1421 1339 1586 1397; x_wconf 86' lang='lat' dir='ltr'>meri·</span> 
     </span>
     <span class='ocr_line' id='line_1_15' title="bbox 376 1419 1588 1507; baseline -0.004 -20"><span class='ocrx_word' id='word_1_84' title='bbox 376 1424 401 1458; x_wconf 85' lang='lat'>‘</span> <span class='ocrx_word' id='word_1_85' title='bbox 424 1428 492 1502; x_wconf 89' lang='lat' dir='ltr'>ti,</span> <span class='ocrx_word' id='word_1_86' title='bbox 516 1422 855 1507; x_wconf 85' lang='lat' dir='ltr'>propofitum</span> <span class='ocrx_word' id='word_1_87' title='bbox 881 1420 968 1497; x_wconf 87' lang='lat' dir='ltr'>fit,</span> <span class='ocrx_word' id='word_1_88' title='bbox 990 1419 1236 1482; x_wconf 85' lang='lat' dir='ltr'>senatum</span> <span class='ocrx_word' id='word_1_89' title='bbox 1258 1420 1588 1499; x_wconf 82' lang='lat' dir='ltr'>existimare,</span> 
     </span>
     <span class='ocr_line' id='line_1_16' title="bbox 374 1506 1583 1589; baseline -0.003 -15"><span class='ocrx_word' id='word_1_90' title='bbox 374 1511 401 1544; x_wconf 85' lang='lat'>‘</span> <span class='ocrx_word' id='word_1_91' title='bbox 424 1519 763 1585; x_wconf 87' lang='lat' dir='ltr'>D.Bruturn,</span> <span class='ocrx_word' id='word_1_92' title='bbox 778 1506 1473 1589; x_wconf 81' lang='lat' dir='ltr'>imperatorem,consulem</span> <span class='ocrx_word' id='word_1_93' title='bbox 1489 1510 1583 1570; x_wconf 85' lang='lat' dir='ltr'>de·-</span> 
     </span>
     <span class='ocr_line' id='line_1_17' title="bbox 369 1595 1584 1678; baseline -0.003 -19"><span class='ocrx_word' id='word_1_94' title='bbox 369 1599 403 1633; x_wconf 73' lang='lat'><strong><em>⁴</em></strong></span> <span class='ocrx_word' id='word_1_95' title='bbox 424 1598 716 1678; x_wconf 78' lang='lat' dir='ltr'>signatum,</span> <span class='ocrx_word' id='word_1_96' title='bbox 748 1598 958 1677; x_wconf 87' lang='lat' dir='ltr'>optime</span> <span class='ocrx_word' id='word_1_97' title='bbox 982 1596 1050 1655; x_wconf 88' lang='lat' dir='ltr'>de</span> <span class='ocrx_word' id='word_1_98' title='bbox 1065 1595 1340 1675; x_wconf 83' lang='lat' dir='ltr'>republica</span> <span class='ocrx_word' id='word_1_99' title='bbox 1363 1599 1584 1669; x_wconf 78' lang='lat' dir='ltr'>mereri,</span> 
     </span>
     <span class='ocr_line' id='line_1_18' title="bbox 366 1682 1586 1761; baseline -0.003 -14"><span class='ocrx_word' id='word_1_100' title='bbox 366 1685 554 1747; x_wconf 70' lang='lat' dir='ltr'>⁴·cum</span> <span class='ocrx_word' id='word_1_101' title='bbox 590 1684 807 1745; x_wconf 86' lang='lat' dir='ltr'>senatus</span> <span class='ocrx_word' id='word_1_102' title='bbox 838 1684 1242 1756; x_wconf 67' lang='lat' dir='ltr'>austeritatem,</span> <span class='ocrx_word' id='word_1_103' title='bbox 1276 1682 1586 1761; x_wconf 82' lang='lat' dir='ltr'>populique</span> 
     </span>
     <span class='ocr_line' id='line_1_19' title="bbox 364 1769 1582 1848; baseline -0.008 -15"><span class='ocrx_word' id='word_1_104' title='bbox 364 1773 399 1807; x_wconf 76' lang='lat'><strong><em>⁴</em></strong></span> <span class='ocrx_word' id='word_1_105' title='bbox 426 1775 665 1833; x_wconf 83' lang='lat' dir='ltr'>Romani</span> <span class='ocrx_word' id='word_1_106' title='bbox 692 1773 1023 1842; x_wconf 79' lang='lat' dir='ltr'>llbertatem,</span> <span class='ocrx_word' id='word_1_107' title='bbox 1059 1770 1458 1848; x_wconf 86' lang='lat' dir='ltr'>imperiumque</span> <span class='ocrx_word' id='word_1_108' title='bbox 1485 1769 1582 1828; x_wconf 88' lang='lat' dir='ltr'>de.</span> 
     </span>
     <span class='ocr_line' id='line_1_20' title="bbox 364 1854 1582 1939; baseline -0.006 -17"><span class='ocrx_word' id='word_1_109' title='bbox 364 1860 399 1894; x_wconf 84' lang='lat'>·‘</span> <span class='ocrx_word' id='word_1_110' title='bbox 422 1859 632 1922; x_wconf 84' lang='lat' dir='ltr'>fendat.</span> <span class='ocrx_word' id='word_1_111' title='bbox 679 1857 940 1939; x_wconf 86' lang='lat' dir='ltr'>quodque</span> <span class='ocrx_word' id='word_1_112' title='bbox 971 1854 1208 1915; x_wconf 84' lang='lat' dir='ltr'>Galliam</span> <span class='ocrx_word' id='word_1_113' title='bbox 1231 1856 1582 1933; x_wconf 73' lang='lat' dir='ltr'>provinciam</span> 
     </span>
     <span class='ocr_line' id='line_1_21' title="bbox 374 1938 1584 2024; baseline -0.006 -16"><span class='ocrx_word' id='word_1_114' title='bbox 374 1947 398 1981; x_wconf 87' lang='lat'>‘</span> <span class='ocrx_word' id='word_1_115' title='bbox 424 1948 759 2021; x_wconf 64' lang='lat' dir='ltr'>citeriorem,</span> <span class='ocrx_word' id='word_1_116' title='bbox 812 1943 1154 2024; x_wconf 86' lang='lat' dir='ltr'>optimorum</span> <span class='ocrx_word' id='word_1_117' title='bbox 1181 1956 1238 2001; x_wconf 87' lang='lat' dir='ltr'>et</span> <span class='ocrx_word' id='word_1_118' title='bbox 1267 1938 1584 2001; x_wconf 80' lang='lat' dir='ltr'>fortissimo·</span> 
     </span>
     <span class='ocr_line' id='line_1_22' title="bbox 378 2028 1584 2108; baseline -0.004 -14"><span class='ocrx_word' id='word_1_119' title='bbox 378 2034 405 2067; x_wconf 85' lang='lat'>‘</span> <span class='ocrx_word' id='word_1_120' title='bbox 428 2056 549 2094; x_wconf 90' lang='lat' dir='ltr'>rum</span> <span class='ocrx_word' id='word_1_121' title='bbox 574 2034 854 2103; x_wconf 85' lang='lat' dir='ltr'>virorum,</span> <span class='ocrx_word' id='word_1_122' title='bbox 899 2028 1335 2089; x_wconf 86' lang='lat' dir='ltr'>amicissimorum</span> <span class='ocrx_word' id='word_1_123' title='bbox 1367 2028 1584 2108; x_wconf 89' lang='lat' dir='ltr'>populo</span> 
     </span>
     <span class='ocr_line' id='line_1_23' title="bbox 374 2112 1582 2194; baseline -0.006 -13"><span class='ocrx_word' id='word_1_124' title='bbox 374 2121 398 2155; x_wconf 87' lang='lat'>‘</span> <span class='ocrx_word' id='word_1_125' title='bbox 424 2128 681 2181; x_wconf 86' lang='lat' dir='ltr'>Romano</span> <span class='ocrx_word' id='word_1_126' title='bbox 700 2119 928 2192; x_wconf 90' lang='lat' dir='ltr'>civium,</span> <span class='ocrx_word' id='word_1_127' title='bbox 957 2117 1381 2194; x_wconf 74' lang='lat' dir='ltr'>‘exercitumque</span> <span class='ocrx_word' id='word_1_128' title='bbox 1397 2117 1460 2174; x_wconf 87' lang='lat' dir='ltr'>in</span> <span class='ocrx_word' id='word_1_129' title='bbox 1499 2112 1582 2175; x_wconf 81' lang='lat' dir='ltr'>se·</span> 
     </span>
     <span class='ocr_line' id='line_1_24' title="bbox 370 2202 1582 2285; baseline -0.004 -19"><span class='ocrx_word' id='word_1_130' title='bbox 370 2208 398 2283; x_wconf 72' lang='lat'>.‘</span> <span class='ocrx_word' id='word_1_131' title='bbox 422 2222 587 2266; x_wconf 84' lang='lat' dir='ltr'>natus</span> <span class='ocrx_word' id='word_1_132' title='bbox 605 2204 867 2285; x_wconf 83' lang='lat' dir='ltr'>potestate</span> <span class='ocrx_word' id='word_1_133' title='bbox 897 2206 1155 2278; x_wconf 80' lang='lat' dir='ltr'>retineat,</span> <span class='ocrx_word' id='word_1_134' title='bbox 1179 2202 1234 2261; x_wconf 93' lang='lat' dir='ltr'>id</span> <span class='ocrx_word' id='word_1_135' title='bbox 1247 2222 1396 2276; x_wconf 87' lang='lat' dir='ltr'>eum,</span> <span class='ocrx_word' id='word_1_136' title='bbox 1417 2220 1582 2261; x_wconf 79' lang='lat' dir='ltr'>exer·</span> 
     </span>
     <span class='ocr_line' id='line_1_25' title="bbox 371 2288 1582 2371; baseline -0.005 -18"><span class='ocrx_word' id='word_1_137' title='bbox 371 2293 396 2327; x_wconf 85' lang='lat'>‘</span> <span class='ocrx_word' id='word_1_138' title='bbox 418 2296 697 2371; x_wconf 88' lang='lat' dir='ltr'>citumque</span> <span class='ocrx_word' id='word_1_139' title='bbox 710 2292 826 2369; x_wconf 86' lang='lat' dir='ltr'>ejus</span> <span class='ocrx_word' id='word_1_140' title='bbox 831 2292 1171 2369; x_wconf 83' lang='lat' dir='ltr'>‚municipia,</span> <span class='ocrx_word' id='word_1_141' title='bbox 1181 2288 1430 2349; x_wconf 81' lang='lat' dir='ltr'>colonias</span> <span class='ocrx_word' id='word_1_142' title='bbox 1447 2306 1582 2365; x_wconf 86' lang='lat' dir='ltr'>pro-</span> 
     </span>
     <span class='ocr_line' id='line_1_26' title="bbox 370 2374 1579 2455; baseline -0.003 -18"><span class='ocrx_word' id='word_1_143' title='bbox 370 2380 396 2413; x_wconf 88' lang='lat'>‘</span> <span class='ocrx_word' id='word_1_144' title='bbox 418 2380 635 2438; x_wconf 85' lang='lat' dir='ltr'>vinciae</span> <span class='ocrx_word' id='word_1_145' title='bbox 664 2377 880 2437; x_wconf 85' lang='lat' dir='ltr'>Galliae</span> <span class='ocrx_word' id='word_1_146' title='bbox 895 2420 915 2451; x_wconf 89' lang='lat'>,</span> <span class='ocrx_word' id='word_1_147' title='bbox 953 2380 1096 2435; x_wconf 66' lang='lat' dir='ltr'>reete</span> <span class='ocrx_word' id='word_1_148' title='bbox 1137 2390 1304 2455; x_wconf 88' lang='lat' dir='ltr'>atque</span> <span class='ocrx_word' id='word_1_149' title='bbox 1345 2374 1579 2453; x_wconf 83' lang='lat' dir='ltr'>ordine,</span> 
     </span>
     <span class='ocr_line' id='line_1_27' title="bbox 369 2458 1582 2547; baseline -0.001 -21"><span class='ocrx_word' id='word_1_150' title='bbox 369 2464 597 2546; x_wconf 61' lang='lat' dir='ltr'>fexque</span> <span class='ocrx_word' id='word_1_151' title='bbox 612 2465 890 2547; x_wconf 85' lang='lat' dir='ltr'>republica</span> <span class='ocrx_word' id='word_1_152' title='bbox 903 2461 1106 2543; x_wconf 80' lang='lat' dir='ltr'>feciffe,</span> <span class='ocrx_word' id='word_1_153' title='bbox 1127 2477 1186 2525; x_wconf 87' lang='lat' dir='ltr'>et</span> <span class='ocrx_word' id='word_1_154' title='bbox 1201 2461 1400 2527; x_wconf 63' lang='lat' dir='ltr'>ficere.</span> <span class='ocrx_word' id='word_1_155' title='bbox 1425 2458 1582 2525; x_wconf 82' lang='lat' dir='ltr'>sena·</span> 
     </span>
    </p>
   </div>
  </div>
 </body>
</html>
