1742 3067
379 184 1012 246 PHILIPPICA
1062 186 1141 245 11.
1290 197 1361 259 53

167 310 290 355 enm
301 288 414 352 alio
427 291 583 369 loco,
603 306 660 351 et
671 289 1038 349 deLeontino
1054 308 1213 369 agro,
1236 302 1293 349 et
1306 284 1381 349 de

164 386 490 459 Campanoz
517 398 664 459 quos
685 376 779 437 iste
811 397 999 455 agros,
1022 390 1243 457 ereptos
1268 376 1373 435 rei·

162 466 440 548 publicae,
465 464 777 547 turpiffimis
793 462 1377 545 polressbribusinqui-

164 555 346 613 navit.
385 554 508 631 jam
537 555 709 627 enim,
754 552 1021 631 quoniam
1052 552 1379 612 criminibus

162 640 294 719 ejus
324 638 452 699 satis
483 636 762 720 respondi,
787 638 854 697 de
873 636 991 718 ipso
1021 637 1379 698 emendatore

164 743 224 785 et
261 732 572 786 correctore
610 723 798 786 nostro
843 724 1111 806 quaedam
1147 723 1381 785 dicenda

165 811 318 873 sunt.
368 834 472 873 nec
502 815 652 873 enim
680 814 868 873 omnia
900 810 1203 885 effundam,
1228 826 1313 887 ut,
1336 808 1379 871 fi

165 897 386 980 saepius
403 900 790 960 decertandum
819 897 904 972 fit,
928 914 991 957 ut
1006 901 1133 972 erit,
1166 896 1380 978 semper

168 1008 372 1047 novus·
397 988 660 1047 veniamz·
687 1006 854 1067 quam
882 984 1197 1045 facultatem
1246 986 1383 1046 mihi

167 1071 642 1136 multitudo=istius
673 1074 963 1147 vitiorum,
1001 1088 1389 1154 peecatorum·

171 1181 284 1242 que
299 1162 553 1239 largitur.
601 1158 754 1221 visne
770 1162 939 1239 igitur
964 1158 1389 1241 teinspiciamus·

169 1268 206 1307 a
220 1268 396 1329 puero
419 1250 438 1308 ἓ
471 1246 544 1309 fic
567 1249 794 1329 opinor.
841 1267 873 1305 a
894 1248 1169 1329 principio
1192 1246 1379 1307 ordia·

87 1352 140 1396 18
171 1355 324 1395 mur.
459 1334 718 1394 Tenesne
747 1338 1043 1410 memoria,·
1073 1350 1388 1413 praetexta-

171 1437 300 1483 tum
314 1436 368 1481 te
381 1419 682 1481 decoxiffe?
701 1422 1141 1502 patris,inquies‚
1159 1419 1253 1481 ista
1266 1420 1387 1481 cul·

171 1530 250 1591 pa
263 1507 358 1569 est.
411 1508 682 1571 concedo.
727 1508 931 1569 etenim
946 1507 1020 1567 est
1036 1510 1251 1587 pietatis
1270 1508 1387 1588 ple-

174 1616 254 1656 na
275 1594 538 1655 defenfio.
584 1595 721 1655 illud
751 1610 933 1655 tamen
950 1594 1203 1654 audaciae
1232 1610 1385 1672 tuae,

173 1682 334 1763 quod
349 1679 523 1741 sedisti
539 1684 598 1741 in
625 1684 1040 1762 quatuordecim
1072 1681 1385 1758 ordinibus,

172 1791 307 1831 cum
321 1768 454 1829 effet
466 1770 584 1848 lege
601 1767 792 1831 Roscia
807 1768 1189 1828 decoctoribus
1204 1784 1387 1829 certus

174 1856 338 1916 locus
353 1854 707 1930 constitutus,
720 1859 971 1936 quamvis
988 1858 1113 1935 quis
1128 1855 1389 1915 fortunae

175 1943 344 2017 vitio,
371 1963 492 2003 non
506 1940 604 2002 suo
625 1940 943 2002 decoxiss'et.
976 1940 1233 2021 sumpsisti
1246 1944 1385 2001 vi'ri·

173 2029 286 2089 lem
303 2044 514 2107 togam,
539 2048 704 2130 qnam
736 2027 924 2088 statim*
938 2029 1259 2088 muliebrem
1292 2045 1383 2089 to-

174 2114 620 2195 gam-reddidisp.
665 2117 846 2195 primo
863 2114 1089 2193 <vulgare
1105 2114 1345 2175 scortum
1361 2135 1383 2176 ε

175 2216 328 2261 certa
364 2203 560 2281 flagitii
588 2222 815 2275 merces,
840 2223 942 2262 nec
973 2224 1035 2262 ea
1058 2222 1255 2283 parva:
1293 2201 1381 2264 sed

177 2290 295 2349 cito
317 2292 492 2349 Curio
511 2290 836 2362 interuenit,
869 2294 967 2369 qui
998 2304 1053 2348 te
1078 2312 1109 2348 a
1136 2291 1386 2349 meretri·

179 2378 274 2435 cio
287 2374 508 2454 quaestu
525 2375 782 2435 abduxit:
811 2392 887 2451 et,
914 2393 1179 2455 tanquam
1196 2375 1387 2435 stolam

180 2458 490 2535 dedisset‚in
505 2463 860 2521 matrimonio
876 2460 1051 2521 stabili
1066 2478 1118 2521 et
1134 2478 1289 2521 certo
1304 2462 1393 2521 lo·

181 2549 352 2608 cavit.
401 2568 566 2609 nemo
582 2568 830 2627 unquam
851 2570 1007 2629 puer,
1030 2565 1247 2628 emptus
1268 2546 1391 2605 libi-
