1742 3067
324 159 434 235 348
505 161 607 218 m
657 161 743 217 M.
794 160 1363 217 ANTONIUM

227 310 233 316 .
326 264 558 321 Utinam
587 254 809 340 quidem
838 261 925 321 illi
946 262 1227 343 principes
1245 263 1534 335 viverent,
1552 260 1581 306 ⁷

329 348 428 426 qui
445 368 532 407 me
560 347 678 427 post
703 368 885 408 meum
906 344 1277 421 consulatum,
1306 364 1437 407 cum
1464 346 1539 405 iis

329 430 444 511 ipse
459 432 726 509 cederem,
749 435 1057 514 principem
1092 454 1217 493 non
1247 434 1419 493 inviti
1450 433 1539 491 vi·-

332 516 559 578 debant!
587 523 693 579 hoc
715 539 851 578 vero
876 533 1127 599 tempore
1154 522 1219 577 in
1232 534 1393 579 tanta
1408 520 1541 577 ino·

333 606 428 685 pia
463 603 832 665 constantium
871 622 929 663 et
966 604 1199 665 fortium
1232 601 1542 663 consulari-

335 709 452 762 um,
492 710 606 768 quo
637 709 724 749 me
745 689 942 750 dolore
963 690 1105 753 affici
1134 689 1389 763 creditis,
1410 708 1542 749 cum

336 774 478 835 alios
493 775 634 833 male
647 774 866 849 sentire,
883 776 1021 835 alios
1038 774 1174 833 nihil
1190 776 1427 835 omnino
1442 795 1540 833 cu·

334 880 456 919 rare
483 860 720 932 videam,
743 860 885 919 alios
918 880 1113 940 parum
1140 858 1462 919 constanter
1476 861 1539 919 in

337 942 580 1025 suscepta
607 944 764 1005 causa
792 966 1141 1025 permanere,
1186 943 1543 1005 sententiam-

338 1050 448 1111 que
465 1028 612 1091 suam
633 1052 752 1091 non
773 1030 983 1111 semper
1012 1030 1251 1091 utilitate
1275 1030 1544 1111 reipubli-

339 1136 462 1191 cae,
481 1115 571 1177 sed
587 1118 712 1178 etim
725 1116 836 1196 spe,
856 1132 975 1177 tum
990 1119 1191 1177 timore
1218 1115 1497 1177 moderari
1514 1117 1540 1175 ἓ

339 1203 492 1282 quod
510 1201 548 1262 fi
563 1206 688 1283 quis
713 1202 784 1261 de
797 1204 1163 1263 contentione
1192 1201 1542 1281 principatfis

337 1288 574 1361 laborat,
595 1308 736 1367 quae
751 1289 905 1348 nulla
914 1286 1019 1349 effe
1034 1288 1193 1347 debet
1206 1311 1223 1347 ε
1248 1286 1545 1347 stultiffime

341 1372 495 1448 facit,
517 1372 558 1433 fi
571 1376 723 1433 vitiis
741 1394 867 1434 cum
884 1376 1093 1434 virtute
1112 1373 1426 1435 contendit.
1478 1386 1547 1433 ut
1574 1420 1589 1429 .

339 1462 490 1519 enim
521 1458 676 1519 cursu
709 1458 917 1533 cursus,
942 1458 1013 1519 fic
1046 1462 1107 1519 in
1138 1461 1273 1519 viris
1302 1458 1544 1518 fortibus

339 1547 520 1607 virtus
538 1548 742 1605 virtute
755 1544 1055 1625 superatur.
1092 1560 1178 1619 tu,
1195 1543 1234 1603 fi
1246 1565 1353 1622 ego
1368 1544 1439 1603 de
1454 1564 1546 1604 re·

339 1632 560 1713 publica
588 1635 798 1711 optime
825 1630 1083 1693 sentiam:
1122 1648 1185 1690 nt
1212 1651 1302 1689 me
1323 1632 1548 1703 vinca-‘05

335 1716 448 1799 ipse
463 1717 674 1797 peffime
705 1716 933 1777 senties?
962 1732 1081 1790 aut,
1104 1715 1143 1775 fi
1172 1717 1243 1777 ad
1258 1736 1345 1774 me
1357 1718 1550 1775 bono·

338 1823 462 1863 rum
475 1801 797 1863 concursum
811 1801 931 1861 fieri
944 1802 1156 1862 videbis
1161 1801 1249 1876 ,ad
1260 1817 1315 1860 te
1330 1803 1550 1881 impro-

336 1891 442 1949 bos
471 1890 763 1949 invitabis?
795 1888 1027 1962 nollem,
1052 1890 1287 1967 primurn
1320 1887 1550 1966 reipub·

337 1977 477 2037 licae
491 1976 673 2034 causi:
693 1974 889 2033 deinde
902 1977 1065 2033 etiam
1079 1974 1371 2052 dignitatis
1389 1988 1545 2033 tuae.

337 2060 452 2135 sed,
481 2058 521 2120 fi
537 2062 875 2141 principatus
894 2074 1170 2137 ageretur,
1192 2078 1361 2137 quem
1392 2078 1548 2117 nun·

249 2168 264 2177 ‘
338 2167 504 2226 quam
533 2149 798 2226 expetivi,
836 2144 969 2225 quid
999 2144 1227 2205 tandem
1250 2146 1385 2203 mihi
1407 2141 1545 2204 esset

337 2234 608 2312 optatius?
633 2253 736 2308 ego
759 2233 909 2291 enim
922 2230 1079 2289 malis
1103 2228 1391 2289 sententiis
1410 2230 1546 2289 vin·

337 2321 522 2377 cinon
541 2316 774 2397 possum,
796 2318 963 2377 bonis
986 2314 1209 2375 forfitan
1225 2312 1465 2394 possum,
1488 2326 1551 2375 et

336 2404 593 2463 libenter.
619 2406 752 2463 haec
766 2401 1033 2483 populum
1059 2408 1372 2461 Romanum
1386 2398 1551 2458 vide·

334 2488 873 2566 re,animadvertere,
889 2487 1162 2566 judicare,
1178 2485 1401 2568 quidam
1420 2504 1551 2550 mo·
