1742 3067
404 157 1048 232 PHILIPPICA
1091 177 1196 232 Χῖ.
1295 189 1410 248 273

194 277 610 358 h‘bertatemque
656 279 883 357 patriae,
929 277 1105 354 legem
1151 275 1406 336 sanfflssi‘·

192 385 342 424 marn
359 380 414 423 et
430 385 640 423 morem
664 366 932 444 optimum
951 363 1242 441 judicavit.
1293 365 1398 421 ita-

194 471 308 530 que
322 451 361 510 fi
377 452 445 510 ad
458 471 565 510 nos
582 450 719 510 nihil
736 449 1028 509 referretur
1043 450 1110 508 de
1123 449 1403 509 Dolabella

195 537 596 617 persequend0‚
620 552 803 596 tamen
819 557 924 614 ego
943 557 1044 615 pro
1061 536 1282 594 decreto
1299 557 1402 614 pu·

194 639 393 698 tarem,
418 644 543 684 curn
558 622 725 682 effent
748 622 883 681 tales
909 625 1134 695 virtute,
1163 623 1402 681 auftori-

197 724 340 784 tate,
364 709 655 769 nobilitate
680 707 869 767 summi
903 709 1039 768 virit
1066 729 1302 788 quorum
1319 707 1399 766 al·

196 799 367 855 terius
396 797 512 874 jam
530 811 699 855 notus
718 798 882 854 nobis
911 793 984 853 est
1001 795 1296 869 exercitus,
1320 793 1397 853 al·

110 892 129 926 ¹
142 893 168 926 2
196 885 367 942 terius
387 884 625 943 auditum
736 888 870 941 Non
897 882 1064 958 igitur
1079 887 1279 940 Brutus
1297 901 1397 939 ex-

192 971 431 1048 pestavit
441 969 654 1029 decreta
670 967 849 1026 nostra
856 989 1002 1042 ‚cum
1013 966 1179 1025 studia
1197 965 1396 1028 nosset.

188 1065 375 1135 neque
388 1057 535 1115 enim
550 1055 625 1114 est
643 1057 700 1114 in
718 1055 1060 1135 provinciam
1092 1052 1240 1112 suam
1259 1060 1396 1113 Cre·

138 1183 149 1209 ⁴
191 1158 305 1201 tam
344 1141 651 1222 prestetum
676 1144 735 1200 in
762 1140 1144 1200 Macedoniam
1161 1139 1395 1202 alienam

187 1229 501 1288 advolavit:
528 1232 712 1288 omnia
741 1226 832 1286 sua
855 1228 1095 1308 putavit,
1120 1247 1258 1304 quae
1287 1247 1394 1288 vos

187 1313 363 1375 vestra
392 1313 495 1374 effi!
523 1315 783 1374 velletist·
808 1314 1052 1392 legiones
1078 1311 1433 1393 conscripsit,

186 1421 393 1476 novas,
417 1403 631 1482 excepit
658 1417 874 1459 veteres
890 1401 1235 1478 :·equitatum
1259 1399 1326 1459 ad
1341 1393 1398 1458 fe‘

187 1487 430 1547 abduxit
441 1487 778 1560 Dolabellae,
811 1501 974 1566 atque
999 1507 1122 1544 eum
1140 1486 1396 1546 nondum

188 1589 353 1633 tanto
371 1575 663 1654 parricidio
678 1571 1141 1656 oblitum‚hostem
1161 1570 1250 1631 sua
1270 1571 1392 1633 sen·

187 1662 363 1719 tentia
397 1660 691 1738 judicavit.
740 1679 870 1718 nam
903 1660 963 1718 ni
987 1663 1064 1717 ita
1093 1657 1242 1731 effet,
1275 1679 1390 1738 quo

185 1749 309 1824 jure
322 1749 625 1825 equitatum
640 1767 673 1806 a
683 1744 906 1805 consule
921 1745 1206 1804 abduceret
1214 1739 1390 1825 ?quid?

188 1839 260 1892 C.
296 1833 522 1908 Gallius,
558 1835 676 1912 pari
715 1831 1096 1910 magnitudine
1127 1831 1296 1891 animi
1335 1846 1392 1893 et

183 1917 398 1980 consilii
432 1917 731 1996 praeditus,
777 1937 970 1978 nonne
1007 1939 1076 1978 eo
1117 1935 1190 1976 ex
1228 1917 1389 1980 Italia

181 2004 413 2066 confilio
426 2005 705 2085 profeetus
722 2004 815 2080 est,
833 2020 892 2063 ut
909 2007 1222 2084 prohiberet
1235 2007 1389 2084 syrii

182 2092 575 2152 Dolabellam?
625 2112 732 2171 qua
754 2091 916 2170 lege?
951 2111 1064 2170 quo
1091 2091 1260 2167 jure?
1292 2112 1388 2168 eo,

182 2177 339 2258 quod
353 2179 571 2257 Jupiter
584 2177 695 2260 ipse
716 2176 922 2250 sanxit,
951 2193 1013 2235 ut
1031 2179 1388 2258 omnia,quae

180 2264 510 2343 reipublicae
540 2262 789 2343 salutaria
826 2263 1294 2340 effent,·legitima
1327 2281 1388 2326 et

176 2347 319 2431 justa
332 2347 765 2410 haberentur.est
778 2352 927 2410 enim
941 2350 1040 2409 lex
1055 2351 1192 2408 nihil
1211 2349 1383 2426 aliud,

180 2434 285 2497 nifi
299 2441 444 2496 reeta
457 2453 515 2496 et
536 2455 567 2495 a
583 2438 811 2496 numine
828 2435 1080 2496 deorum·
1092 2441 1259 2495 traeta
1296 2454 1384 2495 ra·

182 2523 292 2603 tio,
320 2523 598 2606 imperans
626 2521 876 2598 honesta,
905 2523 1208 2604 prohibens
1245 2541 1385 2583 eon-

711 2613 858 2688 ΜΞ

667 2817 717 2853 f
