1742 3067
355 198 1006 255 PHILIPPICA
1059 200 1150 257 11:
1291 195 1366 273 65

142 298 310 377 culis,
334 302 445 361 hoc
458 301 561 360 tibi
587 301 880 376 accidiss'et‚
910 304 1035 382 quis
1067 322 1185 363 non
1205 316 1364 384 turpe

140 387 399 449 duceret?
426 390 487 448 in
512 405 674 449 coetu
696 410 833 449 vero
870 388 1064 469 populi
1092 391 1360 464 Romani,

140 478 439 553 negotium
474 477 755 555 publicum
771 495 991 554 gerens,
1029 475 1282 556 magister
1299 494 1358 535 e·

141 564 391 642 quitum,
430 564 517 620 cui
556 568 767 622 ructare
798 579 960 643 turpe
989 562 1139 638 esset,
1178 566 1226 621 is
1257 582 1361 622 vo·

138 668 330 724 menz,
353 647 536 708 frustis
551 647 864 724 esculentis,
884 652 1081 709 vinum
1107 648 1360 708 redolen-

140 737 322 811 tibus,
346 736 620 813 gremium
646 732 800 800 suum
820 750 876 795 et
897 752 1083 795 totum
1115 732 1360 794 tribunal

138 822 420 903 implevit.
468 820 556 880 sed
574 824 683 883 hoc
700 816 809 902 ipse
835 822 1038 881 fatetur
1053 818 1158 881 effit
1170 823 1232 880 in
1250 820 1362 881 suis

59 922 117 965 26
139 906 432 969 sordibust
455 910 709 967 veniamu
718 902 827 967 iad
844 906 1149 985 splendida.
1215 914 1362 967 Cae-

139 992 227 1054 sar
261 993 605 1055 Alexandria
636 992 950 1073 sessrecepit,
989 992 1147 1071 felix,
1171 1009 1235 1054 ut
1265 992 1363 1055 fibi

141 1081 369 1161 quidem
385 1079 709 1141 videbatur:
733 1102 851 1141 mea
866 1102 934 1141 au
941 1097 1050 1142 tem
1067 1080 1364 1155 sententia,

130 1166 181 1232 ,fi
210 1170 341 1247 quis
375 1168 707 1247 reipublicae
737 1168 799 1228 fit
830 1168 1050 1245 infelix,
1089 1167 1221 1227 felix
1260 1164 1365 1227 effe

140 1274 265 1314 non
284 1252 482 1335 potest.
528 1252 677 1313 hasta
700 1254 873 1335 posita
896 1276 1000 1335 pro
1035 1255 1164 1314 aede
1197 1257 1362 1330 Jovis

18 1361 21 1396 ι
126 1342 409 1415 Statoris,
441 1342 591 1400 bona
636 1347 749 1400 Cn.
786 1343 1032 1421 Pompeii
1075 1338 1359 1411 (miserum

138 1448 229 1489 me
252 1431 285 1487 l·
312 1425 663 1507 consumptis
688 1429 839 1487 enim·
869 1428 1150 1507 lacrymis,
1174 1442 1360 1487 tamen

136 1512 351 1575 infixus
392 1514 581 1574 animo
604 1516 791 1574 haeret
826 1512 1024 1591 dolor)
1057 1516 1229 1588 bona,
1268 1514 1358 1573 in-

18 1639 20 1653 =
136 1620 309 1682 quam
315 1606 452 1675 ,Cn.
476 1603 723 1681 Pompeii
742 1603 934 1678 Magni
942 1602 1114 1675 ,.voci
1131 1596 1362 1661 acerbis·

134 1686 297 1748 fimae
330 1685 570 1765 subjeeia
607 1690 921 1769 praeconis.
969 1708 1083 1747 una
1098 1688 1158 1745 in
1182 1686 1277 1746 illa
1301 1706 1364 1747 re

136 1772 425 1834 servitutis
448 1774 624 1833 oblita
654 1775 853 1834 civitas
879 1775 1165 1851 ingemuit,
1190 1772 1358 1833 servi·

134 1858 465 1940 cutibusque
482 1862 707 1933 animis,
733 1880 860 1918 cum
879 1861 1068 1918 omnia
1100 1875 1248 1919 metu
1273 1874 1360 1918 te·

136 1963 430 2019 nei-entur,
454 1948 690 2023 gemitus
725 1961 908 2005 tamen
929 1946 1120 2025 populi
1150 1948 1359 2004 Roma·

136 2036 195 2093 ni
211 2034 352 2093 liber
368 2028 918 2113 fuit.expeeiantibus
930 2028 1360 2111 omnibus‚quis·

132 2140 266 2181 narn
284 2119 417 2179 efflet
438 2134 550 2177 tam
576 2119 776 2199 impius
784 2160 804 2193 ,
826 2133 942 2177 tam
961 2117 1210 2193 demens,
1241 2134 1356 2179 tam

132 2207 268 2280 diis,
292 2204 723 2285 hominibusque
758 2204 952 2279 hostie,
984 2207 1081 2283 qui
1113 2205 1180 2265 ad
1213 2202 1350 2265 illud

130 2292 311 2353 scelus
328 2288 585 2350 sectionis
608 2290 830 2350 auderet
848 2291 1126 2365 accedere,
1154 2293 1352 2350 inven-

132 2396 225 2438 tus
242 2377 319 2437 est
344 2396 533 2451 nem0,
566 2392 781 2457 praeter
820 2378 1166 2436 Antoniumz
1190 2396 1350 2456 prae·

134 2463 323 2525 sertim
357 2484 484 2522 curn
516 2478 605 2522 tot
634 2460 805 2522 essent
826 2466 1036 2521 circum
1058 2461 1258 2522 hastam
1289 2462 1356 2521 il·

138 2550 276 2630 lam,
299 2553 403 2632 qui·
424 2548 531 2611 alia
552 2551 743 2609 omnia
766 2548 1052 2611 auderent.
1097 2568 1244 2606 unus
1261 2549 1354 2604 in·
