1742 3067
370 163 495 238 336
560 155 661 212 IN
712 155 797 210 M.
850 153 1214 210 ANTON
1243 153 1434 212 IUM

367 245 493 312 tidii
514 253 728 314 fiinilis?
770 255 958 313 oriens
995 255 1322 315 incendium
1343 258 1446 334 qui
1463 253 1584 316 ‘res-

370 337 713 418 tinguet-ent,
736 339 977 399 summos
1001 343 1155 399 viros
1171 339 1424 400 mifimus
1441 364 1460 400 z
1497 361 1584 400 re-

371 426 633 500 pudiasti:
649 428 880 485 nuncin
898 441 1111 485 tantam
1127 427 1584 500 flammamini·

367 531 481 590 que
504 513 871 572 inveteratam
899 510 1205 584 minatum,
1229 533 1362 570 cum
1391 511 1582 571 locum

366 599 471 656 tibi
484 597 753 676 reliquum
770 616 888 655 non
908 595 1078 655 modo
1095 597 1164 654 ad
1181 615 1398 674 pacem,
1406 596 1496 656 sed
1513 617 1586 654 ne

366 681 437 741 ad
452 681 786 742 deditionem
808 681 1030 760 quidem
1051 681 1284 740 feceris?
1307 685 1580 757 hancego

364 766 671 846 epistolam,
692 774 877 825 Patres
893 765 1210 846 conscripti,
1235 788 1360 826 non
1377 789 1495 847 quo
1509 767 1578 824 il-

366 853 483 913 lum
518 853 1052 932 dignum'putarem,
1087 854 1345 925 recitavi,
1395 851 1580 912 sed'ut

366 938 791 998 confessionibus
818 933 982 1016 ipfiu's
1014 940 1201 996 omnia
1225 935 1498 1016 patefacta
1519 957 1575 994 e·

361 1026 458 1102 jus
472 1023 761 1104 parricidia
782 1023 1062 1084 videretis·
1109 1043 1238 1082 cum
1254 1026 1367 1083 hoe
1383 1040 1568 1104 pacem

370 1117 457 1168 M.
492 1110 753 1188 Lepidus»,
788 1111 878 1168 vir
909 1107 1279 1168 ornatissimus
1311 1111 1570 1168 omnibus

367 1211 425 1255 ct
438 1197 685 1268 virtutis»,
708 1210 763 1254 et
782 1193 1038 1262 fortunae
1065 1195 1255 1267 bonis,
1277 1192 1316 1252 fi
1333 1197 1468 1253 haec
1487 1196 1569 1252 vi·

370 1282 525 1340 deret
552 1280 811 1358 denique,
836 1295 932 1338 aut
961 1279 1145 1352 vellet,
1173 1295 1270 1337 aut
1289 1279 1410 1338 fieri
1427 1279 1574 1359 poffe

367 1367 745 1425 arbitraretur?
790 1365 809 1396 ‘
826 1367 978 1444 prius
1011 1364 1198 1438 undio,
1219 1366 1483 1440 flamma,'
1509 1381 1572 1424 ut

368 1453 446 1510 ait
458 1453 625 1530 po'e'ta
642 1449 821 1510 neseio
844 1452 992 1529 quie,
1013 1453 1166 1528 prius
1189 1449 1437 1528 denique
1456 1471 1576 1510 om*-

372 1539 488 1608 nia‚
517 1557 685 1616 quam
700 1551 795 1594 aut
816 1555 942 1594 cum
961 1537 1225 1594 Antoniis
1239 1534 1574 1614 respublica,

369 1638 465 1680 aut
487 1642 614 1680 cum
652 1621 927 1702 republica
949 1622 1200 1680 Antonii
1237 1621 1526 1681 redeant
1509 1643 1572 1680 m

369 1709 621 1784 gratiam.
668 1705 910 1766 monstra
931 1707 1192 1784 quaedam
1227 1703 1493 1782 suntista,
1519 1723 1575 1764 et

367 1794 707 1873 portenta,et
722 1791 968 1870 prodigia
989 1790 1336 1870 reipublicae.
1371 1789 1570 1850 move-

369 1881 417 1939 ri
432 1877 644 1938 sedibus
665 1876 770 1936 suis
786 1879 914 1936 huic
929 1879 1050 1936 urbi
1066 1875 1256 1935 melius
1273 1875 1370 1948 est,
1403 1893 1572 1956 atque

369 1965 427 2024 in
444 1964 603 2037 alias,
624 1961 661 2021 fi
682 1962 797 2022 fieri
826 1961 1005 2042 possit,
1028 1977 1200 2020 terras
1237 1961 1572 2040 demigrare,

370 2049 517 2108 unde
532 2050 908 2108 Antoniorum
925 2068 1028 2107 nec
1042 2046 1204 2121 fasta,
1238 2067 1344 2104 nec
1361 2069 1572 2107 nomen

372 2134 579 2210 audiatj
604 2153 765 2212 quam
781 2133 908 2192 illos
927 2130 1170 2192 Caesaris
1193 2134 1404 2192 virtute
1417 2136 1570 2211 ejec-

373 2236 490 2294 tos»,
515 2221 668 2278 Bruti
706 2234 978 2293 retentos,
1009 2221 1158 2276 intra
1187 2221 1322 2277 haec
1353 2221 1572 2278 moenia

342 2301 348 2322 ³
372 2306 577 2366 videre.
604 2305 987 2384 optatiffimum
1015 2302 1092 2362 est
1105 2306 1356 2361 vinceret
1383 2303 1572 2364 sccun-

376 2389 507 2449 dum
530 2389 620 2463 est,
654 2389 869 2448 nullom
901 2387 1078 2448 casum
1110 2409 1214 2468 pro
1237 2387 1506 2463 dignitate
1519 2407 1573 2449 et

376 2475 627 2534 libertate
657 2477 865 2554 patriae
891 2495 1010 2536 non
1046 2473 1330 2536 ferendum
1363 2491 1570 2554 putare.
