1742 3067
385 182 462 244 68
561 180 669 239 IN
717 182 803 238 M.
858 176 1423 235 ANTONIUM

379 287 523 367 pias,
554 298 745 345 tamen·
763 282 902 343 nihil
927 282 1029 342 tibi
1062 278 1237 361 potest
1254 278 1357 339 effie
1379 278 1597 358 jucun-

379 374 534 433 dum.
669 378 762 431 An
795 387 854 431 tu
885 369 979 428 illa
1010 370 1069 427 in
1102 366 1369 428 vestibulo
1394 365 1596 445 rostra,
1624 372 1678 419 28

380 458 553 541 spolia
567 480 692 519 cum
709 455 1240 537 adspexisti‚domum
1257 470 1412 513 tuam
1428 468 1487 513 te
1501 455 1595 513 in-

379 550 550 608 troire
565 545 766 625 putas?
789 543 909 603 fieri
940 564 1057 602 non
1086 542 1280 622 potest.
1329 542 1595 621 quamvis

379 635 527 693 enim
546 631 658 692 fine
673 646 881 705 mente,
904 629 1016 689 fine
1032 626 1185 688 sensu
1201 628 1288 703 fis,
1314 643 1377 687 ut
1392 648 1453 688 es
1470 644 1595 689 rta-

378 740 510 783 men
523 734 578 779 et
595 734 672 792 te,
701 733 758 777 et
774 733 893 794 tua,
914 732 972 776 et
988 732 1116 776 tuos
1134 715 1295 774 nosti.
1330 736 1437 775 nec
1454 734 1595 775 vero

379 822 438 867 te
451 826 716 885 unquam,
739 803 1297 883 nequevigilantem,
1322 822 1505 881 neque
1530 804 1595 862 in

379 890 589 953 ibmnis
611 891 981 951 credomente
994 888 1143 971 posse
1158 886 1465 949 consistere.
1490 909 1597 947 ne·

380 978 516 1040 oeffe'
527 968 624 1055 est,
648 968 903 1057 quamvis
918 974 1011 1051 siz,
1042 994 1104 1035 ut
1120 999 1201 1051 es,
1232 975 1521 1036 violentus
1538 990 1599 1035 et

380 1066 593 1140 furens,
623 1086 749 1125 cum
765 1067 864 1126 tibi
882 1066 1093 1142 objeela
1107 1062 1173 1124 fit
1186 1064 1388 1143 species
1406 1061 1597 1140 fingu-

381 1153 513 1213 laris
535 1154 666 1227 viri,
696 1155 1047 1232 perterritum
1064 1165 1119 1210 te
1142 1151 1211 1210 de
1226 1148 1425 1209 somno
1440 1152 1597 1210 cxci·-
1715 1183 1717 1196 =

381 1242 512 1315 tari,
535 1238 712 1299 furere
735 1241 897 1299 etiam
930 1237 1088 1319 saepe
1104 1238 1453 1315 vigilantem.
1498 1256 1595 1297 me

381 1326 604 1406 quidem
619 1323 838 1385 miseret
853 1329 1121 1405 parietum
1138 1322 1405 1404 ipsorum,
1423 1338 1597 1403 atque

381 1416 670 1473 tectorum.
697 1412 832 1492 quid
851 1415 999 1471 enim
1018 1432 1260 1492 unquam
1278 1409 1481 1469 domus
1496 1410 1597 1469 illa

381 1497 722 1575 viderat‚nifi
738 1498 1122 1579 pudicum,nifi
1144 1518 1216 1557 ex
1233 1498 1451 1575 optimo
1468 1517 1597 1557 mo-

381 1604 442 1646 re
457 1600 514 1646 et
529 1585 842 1647 sane‘tissima
859 1583 1173 1667 disciplina?
1208 1584 1313 1644 fuit
1328 1586 1483 1643 enim
1500 1583 1596 1644 ine

381 1675 491 1747 vir,
503 1671 1024 1753 Patres-conscripti,
1040 1670 1491 1743 ficut-scitis‚cum
1504 1670 1594 1731 fo·

383 1761 460 1820 ris
477 1761 656 1821 clarus
673 1774 812 1834 ,tum
829 1757 1381 1819 domi‘admiranduse
1406 1777 1596 1838 neque

381 1850 546 1907 rebus
575 1847 822 1905 externis
853 1848 1030 1923 magis
1054 1845 1383 1916 laudandus,
1422 1864 1595 1923 quam

383 1932 646 1993 institutis
663 1930 1163 2009 domesticis.hujus
1178 1933 1237 1989 in
1253 1929 1469 1990 sedibus
1485 1950 1595 2012 pro

385 2022 648 2080 cubiculis
665 2018 889 2093 stabula,
919 2038 1025 2099 pro
1040 2018 1297 2078 tricliniis
1322 2019 1597 2097 propitiae

385 2104 530 2166 sunt.
549 2106 641 2165 etii
651 2108 768 2183 jam
785 2120 970 2182 negat.
1005 2104 1204 2179 nolite,
1229 2104 1409 2163 nolite
1420 2123 1597 2182 quae-

386 2212 524 2252 rere.
550 2192 693 2271 frugi
708 2190 882 2251 faEtus
898 2190 991 2252 est.
1024 2194 1249 2251 mimam
1266 2190 1415 2249 illam
1438 2188 1594 2251 suam

384 2276 506 2339 suas
523 2298 609 2338 res
633 2278 727 2338 fibi
743 2278 1096 2356 haberejuffit
1110 2298 1182 2336 ex
1196 2276 1489 2337 duodecim
1508 2293 1593 2337 ta·

383 2365 740 2425 buliszclaves
757 2363 982 2439 ademit,
1000 2366 1207 2441 exegit.
1232 2382 1399 2442 quam
1416 2382 1593 2442 porro

387 2448 652 2528 spessatus
681 2451 844 2522 civis,
884 2468 1048 2527 quam
1082 2452 1349 2529 probatus
1371 2470 1401 2507 ε·
1428 2450 1593 2526 cujus

383 2554 456 2594 ex
485 2536 642 2593 omni
671 2534 790 2593 vita
819 2533 964 2597 nihil
988 2533 1065 2597 est
1093 2532 1393 2612 honestius,
1424 2554 1593 2617 quam
