1742 3067
406 149 1046 216 PHILIPPICA
1097 167 1230 223 xn.
1305 173 1428 246 285·

198 249 379 310 timus
396 250 468 310 est
483 270 681 333 portus
691 261 1003 338 poenitenti
1019 273 1254 328 mutatio
1275 297 1432 337 con».

141 348 175 392 3
205 335 335 396 filii.
472 341 621 415 Quid
646 345 819 420 enim,
842 369 940 428 per
957 349 1092 412 deos
1129 357 1434 423 immorta-=

204 423 315 483 les!
347 423 521 503 potest
537 431 865 508 reipublicae
881 438 1124 516 prodesse
1137 443 1322 508 nostra
1336 449 1416 510 le·

205 513 391 588 gatio?
418 511 665 589 ptodeffe
685 517 842 578 dico?
868 522 1002 600 quid
1015 524 1056 584 fi
1071 530 1236 590 etiam
1253 535 1415 597 obfu-

210 611 271 656 tu
278 617 337 659 ra
350 597 452 658 est?
478 599 768 665 obfutura?
780 608 924 686 quid
945 609 1306 698 fijamoobfuit
1313 622 1414 686 ἕπει

208 703 319 744 vos
340 688 656 748 acerrimam
686 690 849 756 illam.
864 709 922 753 et
957 695 1292 767 fortiffimam
1310 731 1415 790 po-

208 771 327 852 puli
345 774 583 832 Romani
606 775 876 840 libertatis
899 791 1302 865 recuperandae
1323 819 1416 858 cu·

206 857 515 937 piditatem,
548 882 667 921 non
697 865 1044 930 imminutam
1076 895 1140 936 ac
1159 875 1412 945 debilita-

208 957 323 1016 tam
342 948 551 1024 putatis
566 947 841 1026 legatione
857 957 1008 1034 pacis
1041 961 1256 1026 audita?
1281 973 1418 1050 quid

208 1033 507 1113 municipia
522 1034 750 1097 censetis
771 1039 792 1097 ?
826 1043 961 1120 quid
977 1046 1254 1112 colonias?
1277 1057 1414 1135 quid

208 1121 463 1181 cunetam
486 1122 727 1184 Italiam?
749 1123 997 1192 futuram
1006 1135 1198 1196 eodem
1213 1138 1422 1222 studio&

208 1222 329 1282 quo
358 1221 560 1270 contra
582 1231 878 1272 commune
907 1216 1226 1284 incendium
1247 1249 1410 1291 exar-

206 1287 379 1360 serat?
404 1313 611 1353 an-non
634 1313 890 1374 put-amus
913 1301 1058 1381 fore,
1081 1325 1144 1368 ut
1157 1331 1254 1372 eos
1278 1337 1412 1395 poe·

206 1375 387 1446 niteat
404 1379 671 1460 professos
686 1383 810 1460 effe,
832 1403 891 1446 et
913 1411 1042 1466 prae
1058 1392 1110 1454 se
1143 1398 1316 1462 tuliffe
1343 1427 1412 1465 o·

205 1463 363 1525 dium
378 1467 439 1526 in
458 1471 795 1550 Antonium,
812 1478 908 1556 qui
924 1485 1182 1556 pecunias
1198 1489 1416 1568 pollici·-

205 1550 255 1609 ti
271 1547 420 1629 sunt,
446 1556 543 1632 qui
558 1575 729 1634 arma,
748 1559 912 1639 quise
931 1579 1084 1626 totos
1115 1585 1173 1630 et
1188 1577 1412 1654 animis,

202 1652 265 1696 et
280 1643 681 1717 corporibusin
693 1642 922 1708 salutem
938 1654 1260 1732 reipublicae
1273 1683 1413 1725 con·

206 1723 497 1788 tulerunt?
538 1731 998 1807 quemadmodum
1035 1743 1270 1808 vestrum
1301 1753 1412 1816 hoc

208 1809 495 1876 confilium
524 1822 713 1896 Capua
730 1823 1004 1900 probabit,
1029 1848 1170 1906 quae
1193 1848 1411 1917 tempo-

205 1898 363 1958 ribus
378 1900 463 1958 his
482 1907 659 1962 Roma
674 1905 845 1966 altera
858 1907 964 1968 est?
989 1912 1082 1974 illa
1111 1919 1314 1998 impios
1329 1927 1408 1986 ci·

203 2005 305 2049 ves
330 1985 627 2062 judicavit,
664 1992 846 2068 ejecit,
878 1997 1124 2063 exclufit.
1151 2005 1276 2084 illi,
1305 2012 1410 2091 illi,

202 2071 459 2151 inquam,
488 2077 615 2136 urbi
626 2075 909 2142 fortiffime
939 2092 1408 2159 conantiemani-

204 2159 309 2217 bus
331 2156 405 2216 est
432 2177 653 2241 ereptus
686 2170 996 2231 Antonius.
1043 2175 1205 2253 quid?
1230 2181 1406 2262 legio-

202 2264 343 2304 num
358 2243 665 2310 nostrarum
684 2271 890 2314 nervos
915 2277 1109 2320 nonne
1123 2265 1210 2326 his
1226 2270 1407 2332 eonfi-

200 2329 293 2388 liis
309 2330 634 2394 incidirnus?
658 2339 785 2416 quis
802 2338 878 2400 est
893 2345 1064 2421 enim,
1095 2353 1190 2428 qui
1207 2354 1276 2414 ad
1290 2358 1407 2418 bel-

196 2415 317 2484 lum
347 2419 691 2482 inflammato
720 2427 912 2487 animo
940 2427 1004 2490 fit
1031 2431 1267 2516 futurus,
1311 2442 1406 2524 spe

196 2504 355 2582 pacis
370 2503 581 2570 oblata?
596 2507 711 2594 ipsa
724 2511 819 2576 ina
834 2519 1062 2601 Martia,
1083 2525 1326 2591 coelestis
1339 2547 1404 2594 nt
1487 2533 1494 2542 '
