1742 3067
283 111 395 170 228
460 113 570 173 IN
620 113 708 175 Μ.
762 115 1324 177 ANTONIUM

284 227 381 273 tus
402 211 499 292 est,
522 215 597 296 se,
628 219 783 298 quod
801 219 1041 298 velletis,
1063 219 1170 282 else
1197 219 1504 292 facturum,

288 316 475 380 neque
490 304 609 382 ejus
640 303 942 367 sententiae
959 305 1268 389 periculum
1286 307 1506 366 vitam-

289 405 440 463 mm,
461 393 618 470 cujus
634 389 746 472 ipse
760 397 951 454 auctor
966 392 1166 455 fuiss'et.
1207 411 1380 474 quem
1397 409 1504 450 ex·

289 476 423 554 equi
438 476 695 538 mandata
711 477 884 540 vestra
899 495 1310 562 properantem,
1332 494 1506 538 mane

292 559 554 638 postridie
583 562 854 645 prosecuti
885 564 1102 628 sumuse
1148 567 1246 645 qui
1275 561 1508 644 quidem

34 699 39 706 .
112 661 117 666 ’
188 667 193 672 ’
290 644 573 713 discedens
588 671 799 713 mecum
820 653 900 711 ita
928 653 1150 712 locutus
1173 650 1269 724 est,
1299 665 1366 708 ut
1381 649 1508 725 ejus

294 735 479 793 oratio
502 756 669 796 omen
685 735 779 796 fati
795 738 1096 799 videretur.
1143 736 1380 798 Reddite
1395 734 1505 811 igi·
1527 741 1554 786 5

296 834 414 893 tur,
428 824 623 880 Patres
641 822 960 902 conscripti,
983 826 1037 882 ei
1048 826 1248 898 vitam,
1269 823 1358 882 cui
1373 819 1505 880 ade-

295 905 492 968 mistis.
536 910 653 968 vita
672 911 821 968 enim
836 925 1187 970 mortuorum
1215 911 1274 968 in
1290 926 1508 968 memo·

283 993 385 1054 ’ria
412 994 671 1053 vivorum
702 993 777 1054 est
805 993 1002 1077 polita.
1048 996 1316 1076 perficite,
1335 1008 1402 1054 ut
1431 994 1508 1066 is,

296 1097 467 1159 quem
490 1101 595 1141 vos
611 1080 679 1141 ad
700 1097 939 1144 mortem
966 1079 1124 1142 inscii
1144 1079 1377 1155 mifistis‚
1399 1080 1507 1138 im-

296 1165 692 1228 mortalitatem
718 1171 914 1228 habeat
935 1169 1168 1228 avobis.
1215 1169 1305 1228 cui
1326 1164 1369 1226 fi
1397 1163 1504 1224 sta·

296 1267 450 1312 tuam
474 1254 537 1312 in
558 1253 769 1314 Rostris
800 1255 1026 1316 decreto
1048 1252 1230 1314 vestro
1259 1250 1511 1314 statueri-

297 1337 554 1416 tis‚nu11a
574 1340 692 1418 ejus
706 1340 1042 1418 legationem
1057 1337 1390 1418 posteritatis
1402 1337 1510 1398 ob·

299 1423 535 1494 scurabit
550 1427 783 1487 oblivio,
831 1449 963 1488 nam
977 1426 1185 1505 reliqua
1205 1433 1358 1485 Serv.
1383 1422 1510 1482 Sul·-

296 1514 429 1594 picii
452 1514 565 1572 vita
594 1513 781 1574 multis
812 1515 942 1588 erit,
963 1509 1356 1594 praeclarisque
1384 1530 1510 1570 mo·

298 1599 687 1662 numentisad
726 1620 951 1660 omnem
987 1596 1309 1658 memoriani
1347 1615 1514 1656 eom·

298 1687 579 1750 mendata.
612 1683 821 1766 semper
832 1686 980 1746 illius
996 1685 1344 1763 gravitatem,
1365 1703 1516 1742 con-

295 1773 577 1847 stantiam,
597 1771 782 1849 fidem,
806 1771 1159 1852 praestantem
1176 1772 1238 1828 in
1265 1768 1510 1847 republi-

296 1883 369 1926 ca
387 1861 595 1922 tuenda
609 1879 794 1919 curam
812 1873 976 1938 atque
990 1857 1364 1938 prudentiam,
1384 1874 1512 1914 om·

296 1951 457 2010 nium
470 1946 783 2007 mortalium
800 1943 944 2004 fama
957 1943 1270 2004 celebrabit.
1291 1961 1397 2000 nec
1409 1959 1511 2000 ve-

298 2055 369 2094 ro
379 2031 962 2092 filebituradmirabilis
973 2027 1318 2109 quaedam,et
1333 2027 1514 2088 inere-
1553 2027 1558 2034 '

299 2119 510 2194 dumis,
540 2135 595 2177 et
610 2120 753 2197 pene
772 2117 962 2176 divina
974 2117 1095 2194 ejus
1113 2115 1173 2174 in
1187 2113 1402 2191 legibus
1415 2113 1508 2172 in.-

299 2203 689 2286 terpretandis‚
732 2205 1003 2282 aequitate
1033 2197 1380 2281 explicanda,
1404 2195 1508 2260 sti·

296 2294 471 2354 entia.
496 2311 715 2373 omnes,
736 2309 807 2348 ex
822 2290 980 2348 omni
995 2301 1195 2361 aetate,
1217 2284 1316 2364 qui
1330 2287 1432 2343 hae
1445 2285 1508 2347 in

296 2381 523 2440 civitate
539 2375 958 2452 intelligentiam
969 2373 1111 2452 juris
1125 2375 1454 2444 habuerunt,
1464 2366 1506 2430 fi

300 2485 477 2525 unum
500 2465 565 2528 in
598 2462 779 2527 locum
800 2457 1184 2537 conferantur,
1205 2463 1500 2528 cumSer.
