1742 3067
371 186 1205 249 'PH1L1PPICA1V.
1309 206 1415 265 ης

203 314 362 355 mus=
391 295 512 355 hoc
541 290 878 375 insperatum
902 295 1165 352 omnibus
1196 292 1414 353 confili-

190 402 322 457 «πω,
343 382 694 458 incognitum
725 396 895 454 certe,
918 382 1143 460 ceperit,
1169 395 1229 438 ut
1253 400 1413 459 exer.-

201 470 376 529 eitum
419 470 688 542 inviifium
725 486 798 525 ex
843 468 1089 545 paternis
1140 466 1409 527 militibus

197 556 554 629 conduceret,
572 555 921 633 Antoniique
935 554 1198 626 furorem,
1214 552 1410 613 crude·

187 642 404 705 -liffimis
415 640 654 703 consiliis
677 640 967 700 incitatum
974 662 1024 713 ,a
1042 642 1283 716 pernicie
1300 642 1408 699 rei·

150 748 176 783 2
203 729 456 811 publicae
469 743 764 789 averteret.
827 718 834 723 ’
876 730 1016 802 Quis
1034 725 1107 784 est
1121 729 1291 799 enirn,
1308 727 1411 805 qui

203 820 314 877 hoc
331 837 453 876 non
469 815 756 892 intelligat,
775 812 877 872 nifi
892 812 1093 873 Caesar
1106 814 1413 873 exercitum

197 901 632 985 paravilletmon
647 900 758 963 fine
773 901 948 959 exitio
963 898 1148 960 nostro
1162 898 1281 957 futu
1288 920 1412 959 rum

198 989 695 1051 Antonii-reditum
716 985 899 1047 fuisse?
924 989 1001 1046 ita
1024 988 1173 1045 enim
1190 984 1241 1047 se
1265 988 1407 1046 reci-

197 1079 386 1159 piebat
399 1076 598 1136 ardens
627 1074 762 1134 odio
792 1072 975 1148 vestri,
999 1087 1261 1135 cruentus
1282 1071 1408 1133 san-

197 1166 370 1244 guine
383 1165 584 1225 civium
603 1170 1153 1241 Romanorum,quos
1170 1159 1407 1233 Suessae,

195 1270 346 1329 quos
371 1249 658 1309 Brundusii
681 1248 983 1323 occiderat,
1022 1261 1083 1306 ut
1116 1246 1274 1322 nihil,
1298 1246 1405 1307 nisi

177 1338 266 1396 <le
283 1337 608 1417 reipublicae
637 1337 881 1415 pernicie
912 1337 1200 1412 cogitaret.
1247 1332 1403 1413 quod

195 1439 387 1484 autem
399 1440 516 1483 erat
537 1422 858 1504 praesidium
880 1421 1084 1495 salutis,
1114 1418 1407 1480 libertatiss·

192 1530 308 1593 que
325 1509 552 1585 vestrae,
568 1509 606 1569 fi
625 1516 690 1569 C.
711 1506 979 1583 Caesaris,
994 1506 1404 1567 sortiffimorum

185 1596 226 1657 s
221 1600 277 1657 ui
294 1599 464 1677 patris
479 1597 737 1673 militum,
759 1598 1033 1655 exercitus
1058 1614 1176 1654 non
1193 1592 1401 1653 fuiss'et?

191 1685 360 1761 cujus
389 1682 458 1743 de
489 1683 743 1743 laudibus
773 1698 829 1743 et
859 1683 1189 1755 honoribus,
1226 1684 1325 1759 qui
1347 1681 1403 1738 ei

181 1791 304 1852 pro
317 1771 524 1831 divinis
543 1786 598 1831 et
613 1771 1015 1829 immortalibus
1032 1769 1240 1828 meritis
1256 1768 1403 1828 divi-

195 1860 282 1934 ni,
305 1856 747 1936 immortalesque
775 1857 1066 1927 debentur,
1091 1855 1222 1914 mihi
1246 1852 1402 1913 sena·

195 1960 290 2005 tus
307 1942 542 2005 affimsus
563 1944 730 2024 paulo
747 1958 879 2003 ante
906 1943 1169 2015 decrevit,
1201 1957 1263 2000 ut
1286 1942 1403 2017 pri-

193 2052 294 2093 mo
309 2050 534 2112 quoque
549 2047 796 2111 tempore
816 2028 1128 2089 referretur.
1174 2046 1289 2107 quo
1304 2027 1402 2087 de-

193 2134 354 2179 creto
372 2122 494 2198 quis
511 2137 631 2177 non
657 2115 911 2197 perspicit
942 2117 1254 2175 Antonium
1272 2111 1401 2173 hos·

193 2218 309 2264 tem
323 2202 428 2265 effe
437 2204 774 2282 judicatum?
800 2218 966 2281 quem
990 2205 1137 2261 enim
1160 2201 1400 2281 appella·

195 2312 256 2351 re
273 2287 548 2372 possumus
563 2310 714 2363 eum,
735 2304 933 2350 contra
948 2310 1110 2367 quern
1126 2290 1223 2367 qui
1239 2306 1400 2346 exer-

193 2379 337 2437 eitus
353 2377 658 2453 ducunt,iis
675 2375 891 2437 senatus
908 2377 1203 2434 arbitratur
1217 2373 1401 2451 fingu-

193 2464 336 2523 lares
357 2462 735 2544 exquirendos
768 2463 1043 2521 honores?
1092 2459 1223 2540 quid
1254 2461 1402 2536 legio

195 2552 434 2614 Martia?
460 2571 602 2631 quae
625 2551 762 2611 mihi
794 2548 1015 2609 videtur
1044 2547 1313 2622 divinitus
1334 2547 1419 2607 ab
