1742 3067
383 214 452 271 52
555 200 662 254 IN
712 198 797 252 M.
853 200 1419 257 ANTONIUM

377 299 806 376 exheredanssse
821 298 1053 361 faciebat
1065 300 1343 362 heredem.
1370 304 1431 363 i‘n
1441 300 1592 365 mul·

379 401 465 447 tas
475 404 748 469 praeterea
765 389 1024 469 pecunias
1036 388 1476 451 alienissimorum
1492 394 1595 451 ho-

375 475 801 552 minum‚eje6}is
817 478 965 536 veris
984 476 1297 552 heredibus,
1319 491 1594 557 tanquam

375 567 531 625 heres
548 561 696 637 effet,
725 560 943 623 invafit.
968 582 1286 642 quanquam
1302 566 1410 625 hoc
1424 586 1589 625 max-

375 653 487 711 ime
503 650 800 720 admiratus
826 648 967 724 sum,
988 651 1331 709 mentionem
1345 666 1404 710 te
1426 655 1597 713 here·-

375 738 613 799 ditatum
631 734 817 800 ausum
842 735 943 797 effe
962 736 1163 811 facere,
1187 758 1309 798 cum
1344 735 1459 819 ipse
1480 742 1590 801 he·

377 824 662 887 reditatem
679 824 856 905 patris
873 844 991 883 non
1007 822 1221 885 adisses.
1330 830 1492 887 Haec
1522 842 1592 887 ut
1616 844 1660 892 17
1704 895 1711 899 ,

376 912 661 989 colligeres
668 955 685 985 ,
701 914 873 971 homo
889 912 1259 985 amentissime,
1283 924 1373 970 tot
1385 911 1507 973 dies
1525 915 1592 975 in

374 997 702 1061 alienavina
719 997 1372 1077 declamasti?.quanquam
1388 1012 1449 1059 tu
1468 1002 1601 1081 qui-

375 1084 500 1149 dem
525 1083 714 1156 (ut-tui
735 1084 1121 1145 famiiiarissimi
1138 1085 1426 1162 dietitant)
1464 1089 1599 1149 vini

372 1173 691 1248 exhalandi,
710 1194 828 1232 non
843 1172 1055 1251 ingenii
1070 1172 1301 1233 acuendi
1317 1172 1478 1233 causa
1490 1174 1595 1235 de·

375 1258 604 1321 clamas.
651 1276 706 1319 et
727 1279 861 1320 vero
887 1259 1111 1320 adhibes
1142 1261 1263 1338 joci
1292 1258 1453 1320 causa
1466 1280 1597 1321 ma·

375 1348 622 1427 gistrum,
665 1345 921 1424 suffragio
946 1362 1066 1422 tuo,
1102 1363 1160 1406 et
1190 1362 1601 1426 compotorum

379 1450 630 1509 tuorum,
653 1437 929 1495 rhetorem
945 1456 965 1493 ε
992 1435 1081 1495 cui
1100 1432 1418 1510 conceffiffi,
1443 1437 1601 1496 utin

374 1537 453 1598 te,
482 1542 627 1602 quae
649 1521 840 1596 vellet,
869 1520 1093 1582 diceret.
1141 1517 1329 1581 salsum
1346 1523 1599 1583 omnino

377 1612 681 1672 hominem!
720 1607 808 1668 sed
823 1610 1049 1669 materia
1073 1606 1249 1667 facilis
1272 1605 1344 1667 est
1360 1608 1419 1667 in
1438 1624 1520 1683 te,
1537 1624 1599 1670 et

370 1700 438 1759 in
454 1713 582 1759 tuos
598 1696 737 1756 dicia
753 1694 954 1755 dicere.
980 1694 1107 1755 vide
1122 1709 1324 1769 autem,
1347 1696 1496 1756 inter
1514 1710 1597 1771 te,

375 1798 436 1845 et
464 1805 628 1847 avum
659 1797 816 1843 tuum
842 1782 978 1861 quid
1001 1779 1231 1841 interfit.
1278 1780 1370 1841 isse
1392 1780 1595 1843 senfim

377 1872 615 1943 dicebat,
642 1869 793 1951 quod
825 1868 1011 1929 causae
1041 1866 1343 1951 prodeffet3
1371 1882 1431 1927 tu
1456 1889 1594 1929 cur·

375 1957 474 2029 sim
493 1960 629 2020 dicis
655 1957 851 2017 aliena.
898 1971 961 2015 at
983 1971 1192 2036 quanta
1220 1975 1429 2015 merces
1460 1958 1595 2015 rhe-

372 2049 488 2107 tori
511 2047 638 2107 data
655 2043 758 2105 est?
786 2043 993 2119 audite,
1018 2042 1223 2117 audite,
1245 2048 1433 2102 Patres
1447 2063 1595 2103 con-

375 2132 561 2216 scripti
566 2148 642 2208 ,et
657 2129 977 2210 cognoscite
994 2128 1320 2210 reipublicae
1331 2128 1591 2191 vulnera.

375 2224 492 2286 duo
507 2223 677 2283 millia
689 2222 947 2297 jugerum
968 2218 1149 2297 campi
1166 2216 1434 2275 Leontini
1454 2222 1587 2277 Sex.

354 2311 579 2373 'Clodio
597 2307 806 2372 rhetori
827 2302 1114 2383 affignasti,
1136 2318 1193 2363 et
1224 2302 1453 2382 quidem
1478 2304 1589 2363 im·
1628 2344 1637 2353 -

373 2402 589 2473 munia,
615 2412 678 2459 ut
693 2415 796 2474 pro
814 2408 971 2452 tanta
986 2389 1235 2451 mercede
1250 2388 1387 2449 nihil
1406 2388 1591 2469 sapere

373 2482 629 2547 disceres.
677 2501 812 2541 num
833 2482 999 2538 etiam
1015 2481 1146 2552 hoc,
1162 2480 1332 2537 homo
1349 2474 1589 2537 audacis-

375 2568 527 2652 fime,
547 2590 624 2635 ex
646 2565 895 2633 Caesaris
912 2561 1360 2632 commentariis?
1382 2560 1475 2627 sed
1502 2561 1589 2625 di·
