1742 3067
324 155 962 236 PHIL'1PP1CA
1005 179 1112 235 x1.
1220 174 1324 236 261

108 280 377 362 ingenio,
398 277 604 340 summa
626 279 900 360 potentia,
931 280 1030 358 qui
1051 299 1124 340 ex
1143 280 1330 341 aedili·

108 385 235 432 tate
256 366 605 430 consulatum
627 368 786 446 petit.
832 365 1078 428 solvatur
1093 367 1330 447 legibus.

112 473 444 539 quanquam
460 454 607 532 leges
624 475 749 514 eum
767 475 886 513 non
903 469 1124 516 tenent:
1157 475 1330 536 prop·

115 558 208 604 ter
222 543 508 616 eximiam,
532 539 723 616 crede,
744 540 1096 618 dignitatem.
1143 557 1202 602 at
1216 545 1332 619 hic,

112 650 210 692 me
226 627 581 702 defendente,
594 629 904 708 quinquies
931 626 1212 690 absolutus
1229 629 1336 696 est.

116 715 277 778 sexta
293 714 474 795 palma
496 717 729 791 urbana,
748 716 920 774 etiam
943 717 1010 774 'in
1027 715 1332 794 gladiatore

116 802 389 866 difficilis.
436 800 523 862 sed
557 805 691 862 haec
722 801 974 879 judicum
1005 803 1185 884 culpa,
1215 823 1337 868 non

115 909 247 953 mea
260 888 357 951 est.
403 909 507 967 ego
522 888 744 950 defendi
758 887 865 949 fide
879 891 1088 971 optima
1103 913 1121 950 ε
1147 891 1226 952 iffi
1237 891 1334 953 de·

116 981 366 1040 buerunt
394 976 733 1041 clariffimum
762 991 819 1036 et
834 975 1336 1057 praestantiffimum

118 1063 433 1126 senatorem
452 1063 509 1123 in
528 1065 755 1124 civitate
767 1065 1128 1146 retinere.qui
1143 1082 1336 1130 tamen

123 1171 285 1213 nunc
299 1150 438 1212 nihil
452 1150 599 1212 aliud
616 1171 775 1230 agere
788 1150 1031 1229 videtur,
1055 1152 1154 1214 nifi
1167 1169 1230 1214 ut
1245 1156 1338 1216 in·

126 1235 466 1318 telligamus,
498 1237 653 1313 illos,
686 1258 926 1318 quorum
949 1259 1036 1300 res
1059 1240 1338 1318 judicatae

126 1327 313 1387 irritas
328 1324 583 1401 fecimua,
606 1327 745 1386 bene
756 1340 815 1385 et
829 1346 860 1385 e
883 1327 1158 1408 republica
1183 1329 1336 1408 judi·

124 1409 345 1476 cavisse.
388 1431 575 1494 neque
595 1415 707 1474 hoc
736 1414 796 1473 in
811 1415 920 1474 hoc
937 1435 1054 1476 uno
1069 1413 1165 1476 est.
1209 1415 1338 1480 sunt

123 1500 223 1562 alii
238 1501 299 1559 in
314 1498 515 1560 eisdem
528 1498 717 1560 eastris
738 1500 964 1562 honeste
997 1502 1334 1566 condemna-

118 1589 195 1666 ti,
217 1589 451 1669 turpiter
464 1586 717 1648 restituti.
764 1589 918 1669 quod
938 1591 1138 1652 horum
1155 1589 1336 1654 confi·

120 1673 286 1751 lium,
302 1675 399 1755 qui
414 1677 677 1736 omnibus
690 1676 859 1736 bonis
877 1675 1056 1738 hostes
1073 1675 1223 1756 sunt,
1243 1680 1334 1740 ni·

124 1759 167 1823 fi
180 1761 589 1824 cmdeliffimum
605 1765 813 1850 putatis
828 1761 1180 1826 fore?accedit
1191 1773 1334 1828 Saxa

122 1846 315 1910 nescio
330 1850 645 1928 quis,quem
660 1851 824 1912 nobis
840 1849 1039 1912 Caesar
1053 1872 1126 1912 ex
1141 1852 1334 1916 ultima

124 1934 423 1996 Celtiberia
443 1936 724 1998 tribunum
737 1937 916 2018 plebis
929 1937 1107 2015 dedit,
1129 1938 1334 2003 castro·

127 2041 253 2084 rum
268 2039 427 2083 antea
443 2039 707 2100 metator,
728 2045 904 2101 nune,
927 2041 991 2085 ut
1010 2025 1212 2108 sperat,
1237 2049 1332 2090 m·-

122 2110 211 2172 bis
228 2132 245 2170 z
270 2129 301 2170 a
318 2131 429 2191 qua
444 2131 569 2172 cum
586 2110 651 2172 fit
666 2111 902 2187 alienus,
925 2111 1022 2174 suo
1039 2115 1334 2197 capiti,sal-

124 2198 215 2257 via
231 2199 393 2258 nobis
399 2241 419 2275 ,
442 2201 743 2260 omittetur.
766 2219 896 2260 cum
912 2202 1022 2264 hoc
1037 2217 1330 2267 veteranus

124 2286 349 2365 Caphot
386 2305 503 2365 quo
526 2286 805 2348 neminem
820 2291 1068 2348 veterani
1087 2291 1244 2370 pejus
1259 2312 1327 2353 o-

125 2368 343 2434 detunt.
362 2371 623 2452 his,quafi
637 2388 852 2451 praeter
865 2374 1054 2436 dotem
1058 2395 1248 2457 ‚quam
1263 2381 1326 2440 in

112 2457 375 2542 *civinbus
389 2460 551 2524 malis
566 2477 914 2542 acceperant,
953 2481 1144 2541 agrum
1161 2470 1326 2528 Cam·

121 2563 327 2628 panum
340 2543 663 2628 eit-largitus
673 2549 928 2614 Antonin
933 2569 960 2610 s
961 2553 1326 2630 ,uthaberent
