1742 3067
382 141 495 204 344
560 135 665 190 IN
712 138 799 196 M.
852 141 1414 208 ANTONIUM

376 249 518 308 quae
532 236 791 298 recitatae
804 239 1244 317 sunt,decernere
1259 249 1576 332 debeamus,

376 319 741 402 Serviliusque
755 327 1058 392 decreverit
1073 355 1089 390 ε
1115 338 1578 416 augebffomnino

374 421 662 467 numerum
692 409 924 488 dierum,
963 419 1270 496 praesertim
1303 445 1434 484 cum
1457 447 1578 488 non

374 491 495 564 uni,
520 490 607 552 sed
625 504 992 561 communiter
1017 507 1190 564 tribus
1221 507 1457 570 ducibus
1474 511 1587 573 fint·

372 572 761 642 decernendae.
812 584 899 646 sed
919 591 1025 671 hoe
1037 593 1275 670 primurn
1291 593 1584 671 faciam,ut

370 659 728 740 imperatores
760 673 1026 750 appellem
1055 697 1176 752 eos,
1201 698 1447 757 quorum
1464 685 1579 743 vir·

372 759 511 822 tute,
552 751 803 828 confilio,
830 757 1112 838 felicitate,
1136 767 1398 824 maximis
1431 770 1578 848 peri-

368 833 506 894 culis
522 833 799 899 servitutis
814 860 978 923 atque
993 848 1246 908 interitus
1259 849 1482 912 liberati
1492 853 1581 916 su·

368 939 514 980 mus.
548 925 751 984 etenim
767 931 853 987 cui
870 933 1070 1008 viginti
1086 935 1170 992 his
1187 937 1354 996 'annis
1373 937 1576 1020 suppli-

370 1009 519 1067 catio
548 1009 766 1070 decreta
794 1013 889 1089 est,
915 1033 978 1075 ut
1000 1039 1119 1078 non
1145 1022 1449 1100 imperator
1479 1045 1580 1104 ap·

366 1093 683 1174 pellar-etur,
707 1116 803 1159 aut
820 1104 1064 1163 minimis
1083 1101 1242 1166 rebu's
1265 1107 1460 1184 gestis,
1481 1127 1580 1172 aut

364 1177 691 1262 plerumque
710 1186 917 1246 nullis?
942 1193 1299 1269 quamobrem
1332 1211 1432 1254 aut
1453 1194 1578 1276 sup·

364 1265 591 1346 plicatio
608 1273 675 1329 ab
690 1293 783 1348 eo,
804 1275 900 1352 qui
923 1291 1055 1335 ante
1075 1275 1240 1352 dixit,
1262 1279 1573 1341 decernen-

364 1353 437 1414 da
451 1372 569 1416 non
593 1357 727 1416 fuit:
755 1373 849 1417 aut
878 1359 1104 1420 ufitatus
1126 1366 1312 1423 honos
1343 1366 1575 1444 pervul-

363 1443 626 1524 gatusque
657 1445 979 1505 tribuendus
1019 1449 1120 1522 iis,
1159 1451 1363 1528 quibus
1403 1455 1574 1512 etiam

361 1531 499 1590 novi
514 1545 571 1589 et
586 1530 880 1608 singulares
897 1531 1184 1594 debentur.
1288 1543 1369 1596 At
1384 1537 1428 1596 fi
1443 1541 1570 1618 quis
1591 1569 1614 1611 5

362 1615 761 1695 Hispanorum,
800 1633 894 1676 aut
919 1618 1227 1694 Gallorum,
1257 1637 1358 1682 aut
1380 1627 1572 1686 Thra·

360 1723 487 1763 cum
502 1703 649 1762 mille
664 1717 757 1762 aut
774 1702 886 1762 duo
909 1703 1080 1764 millia
1113 1705 1416 1783 occidisset,
1445 1732 1566 1771 non

358 1807 485 1849 eum
521 1795 621 1849 hac
644 1787 1059 1866 consuetudine,
1099 1811 1238 1870 quae
1259 1795 1568 1871 increbuit,

359 1878 743 1955 imperatorem
776 1875 1068 1954 appellaret
1100 1877 1349 1939 senatus?
1376 1896 1472 1941 tot
1489 1881 1564 1941 le·

358 1965 617 2040 gionibus
640 1959 823 2034 caefi3‚
848 1975 1002 2019 tanta
1017 1962 1370 2024 multitudine
1387 1967 1566 2026 inter-

352 2047 509 2123 sed'ta,
534 2045 767 2106 hostium
797 2046 957 2120 dico;
985 2049 1081 2121 ita,
1110 2050 1366 2127 inquam,
1391 2051 1565 2111 hosti-

352 2155 471 2208 um,
520 2133 773 2212 quamvis
806 2133 916 2190 hoc
947 2132 1030 2190 isti
1059 2132 1238 2192 hostes
1279 2135 1568 2197 domestici

356 2221 566 2293 nolint,
610 2217 908 2277 clariffimis
939 2215 1164 2277 ducibus
1205 2217 1566 2300 supplicatio·

354 2328 489 2368 num
518 2308 789 2363 honorem
818 2304 1143 2380 tribuemus,
1166 2306 1572 2385 imperatorum

354 2411 561 2452 nomen
584 2389 1134 2467 adimemus?quanto
1149 2392 1302 2450 enim
1321 2395 1568 2466 honore,

334 2477 580 2556 laetitia,
602 2473 972 2553 gratulatione
990 2476 1050 2534 in
1066 2479 1174 2536 hoc
1189 2477 1464 2558 templum
1478 2482 1572 2540 in-

1721 581 1724 630 1
