1742 3067
355 192 1167 257 'PHILIPPICAXL
1270 201 1382 279 269

169 298 250 362 ‘us
273 297 360 376 fit,
391 307 460 363 C.
479 300 674 378 Pansa,
696 300 828 362 ficut
843 302 939 377 est,
958 302 1027 363 ad
1045 302 1383 364 fortiffirnum
1422 320 1431 327 ·

167 390 367 449 ·virum
404 405 460 467 qt
489 392 738 449 omnium
771 389 1109 449 clarissimum
1142 392 1383 449 liberan-

181 474 341 549 dum,
352 490 535 535 tamen
554 496 734 535 rerum
751 492 947 536 natura
964 480 1114 554 cogit
1130 494 1184 536 te
1201 474 1387 536 neces·

181 561 330 621 sario
344 562 542 621 referre
557 565 798 623 animum
813 562 1033 643 aliquan
1040 564 1113 623 do
1134 565 1201 622 ad
1222 562 1391 621 Dola-

179 648 384 709 bellam
399 648 906 728 persequendum‚et
924 665 1133 727 partem
1151 650 1392 729 aliquam

180 736 248 794 in
268 733 448 793 Afiam
463 750 518 795 et
533 737 746 815 Syriam
777 736 1025 795 derivare
1040 756 1199 795 curae
1222 752 1276 795 et
1292 758 1387 795 σσ-

185 822 479 899 gitationis
494 837 640 881 tuae.
688 822 728 881 fi
743 837 921 881 autem
937 822 1054 881 fieri
1077 821 1271 902 posset,
1299 822 1393 882 vel

182 908 376 989 plures
394 922 450 967 te
465 912 680 967 animos
689 912 887 967 habere
902 909 1093 967 vellem
1100 929 1263 988 ‚quos
1276 930 1397 969 omz
1442 960 1445 963 .
1504 952 1517 969 x

187 1014 294 1055 nes
312 993 376 1053 ad
395 997 670 1054 Mutinam
687 995 1021 1055 intenderes,
1071 996 1224 1075 quod
1252 1017 1395 1075 quo-

179 1083 347 1141 uiam
361 1080 611 1141 fierinon
634 1080 830 1161 potest,
853 1081 986 1143 istoc
1002 1084 1210 1155 animo,
1235 1102 1400 1161 quem

191 1170 360 1228 habes
383 1167 881 1245 praestantissimum
908 1184 1073 1248 atque
1103 1172 1398 1248 optimum,

193 1252 337 1313 nihil
351 1269 408 1313 te
421 1254 697 1327 volumus,
729 1252 829 1313 nifi
843 1254 913 1314 de
936 1262 1109 1313 Bruto
1133 1257 1397 1331 cogitare.

189 1338 333 1399 facis
349 1355 408 1398 tu
425 1338 482 1398 id
497 1339 739 1418 quidem,
761 1356 818 1399 et
831 1360 903 1400 eo
930 1341 1165 1399 maxime
1186 1343 1404 1401 incum-

191 1428 316 1487 bis:
341 1426 480 1485 duas
495 1440 678 1485 tamen
694 1444 806 1502 res,
828 1446 1053 1503 magnas
1070 1425 1410 1507 praesertim,

198 1532 326 1572 ’non
341 1510 510 1570 modo
527 1532 686 1589 agere
699 1532 816 1572 uno
831 1527 1100 1593 tempore,
1118 1511 1205 1573 sed
1222 1534 1293 1573 ne
1308 1512 1406 1572 cb·

195 1595 432 1677 gitando
455 1599 674 1677 quidem
693 1599 968 1678 explicare
984 1598 1267 1680 quisquam
1301 1620 1406 1679 po-

199 1683 320 1745 test.
374 1686 606 1744 incitare
635 1700 692 1743 et
720 1687 1057 1745 inflammare
1089 1702 1243 1745 tuum
1268 1684 1408 1747 istud

199 1768 703 1851 praestantiffimum
731 1770 983 1845 studium,
1011 1794 1127 1831 non
1160 1773 1229 1832 ad
1244 1772 1409 1832 aliam

199 1857 318 1915 nlla
331 1876 404 1915 ex
420 1872 572 1934 parte
587 1878 774 1917 curam
805 1858 1103 1918 transferre
1119 1858 1403 1919 debemus.

133 1942 368 2003 :oadde
381 1941 514 2003 istuc
529 1942 806 2003 sermones
821 1946 1133 2018 hominum,
1150 1944 1286 2003 adde
1302 1941 1410 2002 sus-

203 2031 456 2111 piciones
467 2072 486 2103 ,
527 2028 667 2089 adde
695 2029 986 2089 invidiam.
1047 2033 1260 2089 imitare
1298 2050 1410 2103 me,

205 2134 374 2194 quem
389 2130 450 2173 tu
465 2112 674 2195 semper
687 2114 909 2175 laudasti
928 2138 943 2174 ε
962 2118 1057 2195 qui
1075 2115 1410 2193 instruftam‚

203 2217 619 2280 ornatamquea
641 2200 828 2261 senatu
859 2203 1203 2282 provinciam
1237 2203 1412 2281 depo·

207 2287 309 2361 sui,
335 2300 400 2345 ut
429 2288 745 2347 incendium
777 2290 1007 2368 patriae,
1032 2288 1219 2347 omissa
1251 2293 1411 2349 omni

207 2373 570 2451 cogitatione,
608 2372 1009 2451 restinguerem.
1072 2396 1240 2433 nemo
1280 2378 1409 2449 erit,

205 2474 425 2540 praeter
446 2479 617 2519 unum
633 2482 743 2535 me,
771 2459 1046 2538 (qui-cum
1072 2460 1339 2539 profeRO,
1370 2462 1412 2521 fi

205 2544 350 2629 quid
361 2544 610 2607 interest
625 2544 856 2628 putasses
874 2564 1093 2629 tua‚pro
1108 2546 1313 2607 summa
1330 2546 1415 2609 fa-
