1742 3067
409 140 1051 243 mammes
1094 183 1259 239 x1v.
1317 195 1431 255 349

210 281 339 349 leste
359 284 566 347 ferunt.
610 300 902 367 poteratne
918 284 1059 359 fieri,
1074 299 1135 343 ut
1160 303 1279 342 non
1297 302 1431 363 per-

204 372 346 432 -inde
355 375 611 433 homines
627 371 696 431 de
711 392 963 453 quoque,
990 386 1049 429 ut
1065 369 1295 449 quisque
1314 384 1426 427 me·

217 474 452 531 teretur,
469 458 810 536 judicarent?
837 472 901 515 ut
914 458 1061 515 enim
1078 456 1145 514 de
1163 450 1427 513 universo

216 542 406 604 senatu
424 544 660 624 populus
678 550 967 602 Romanus
980 541 1243 601 veriffime
1268 538 1424 619 judi·

217 644 334 703 cat,
359 630 526 689 nuliis
557 629 885 707 reipublicae
908 629 1249 706 temporibus
1270 629 1423 685 hunc

219 715 472 775 ordinem
489 715 784 773 firmiorem
801 728 969 791 atque
984 712 1273 771 fortiorem
1288 708 1423 770 fuis-

220 799 298 875 se,
320 798 392 860 fic
406 800 474 859 de
495 819 835 878 unoquoque
861 797 1129 870 nostrum,
1154 812 1211 855 et
1244 797 1425 856 maxi·

222 906 314 946 me
331 888 426 965 qui
439 890 548 945 hoc
561 885 690 945 loco
709 884 1006 943 sententias
1022 884 1279 955 dicimus,
1300 878 1424 941 scis·

219 972 462 1032 citantur
475 990 670 1031 omnes
675 1012 696 1044 ,
715 985 883 1029 avent
895 970 1104 1043 audire,
1124 968 1257 1047 quid
1281 965 1428 1046 quis

221 1078 329 1137 que
343 1053 580 1117 senserit.
606 1058 682 1115 ita
697 1056 766 1115 de
783 1074 1145 1134 unoquoque,
1150 1070 1211 1113 ut
1228 1074 1425 1132 quem-

219 1162 330 1223 que
359 1144 614 1203 meritum
649 1143 987 1209 arbitrantur
1013 1183 1031 1213 ,
1086 1139 1419 1199 existimant.

215 1229 482 1290 memoria
496 1242 712 1301 tenent,
731 1246 820 1285 me
834 1242 967 1286 ante
982 1226 1123 1285 diem
1139 1244 1204 1285 xr
1218 1246 1234 1285 1
1250 1225 1418 1290 1.kal‚

219 1322 353 1392 Jan.
371 1314 674 1392 principem
691 1308 1031 1373 revocandae
1046 1310 1313 1370 libertatis
1336 1310 1423 1369 fu-

217 1397 310 1459 isse
323 1421 346 1458 τ
365 1418 454 1457 me
471 1417 546 1456 ex
570 1396 682 1457 kal.
701 1405 827 1473 Jan.
847 1396 915 1455 ad
942 1400 1085 1456 hanc
1116 1400 1311 1457 horam
1328 1398 1417 1457 in-

216 1483 460 1562 vigilasse
473 1483 800 1561 reipublicae
814 1505 832 1541 2
853 1487 1036 1541 'meam
1052 1482 1419 1557 domum‚me-

155 1585 163 1593 ·
217 1568 382 1649 nsque
413 1588 569 1628 aures
595 1569 733 1643 dies,
755 1572 968 1640 mites,
996 1568 1245 1627 omnium
1263 1589 1417 1647 prae·

216 1656 414 1735 ceptis,
441 1653 772 1733 monitisque
783 1651 1038 1733 patuisse:
1065 1656 1201 1713 meis
1217 1653 1419 1731 literis,

215 1742 354 1803 meis
369 1742 604 1813 nuntiis,
623 1742 762 1799 meis
779 1740 1259 1799 cohortationibus
1290 1760 1429 1800 om·-

218 1846 344 1902 nes,
365 1828 462 1905 qui
475 1828 681 1903 ubique
693 1825 887 1898 essent,
916 1824 985 1883 ad
1002 1827 1209 1903 patriae
1223 1824 1428 1905 praefi*

217 1911 371 1973 dium
389 1914 662 1971 excitatos
677 1934 694 1970 t
721 1912 856 1969 meis
876 1908 1155 1969 sententiis
1180 1931 1211 1969 a
1226 1910 1423 1969 kalen-

221 1996 310 2057 dis
339 1998 614 2074 Januariis
642 2016 933 2073 nunquam
955 1996 1166 2072 legatos
1191 1995 1259 2054 ad
1297 2002 1423 2055 An·

220 2084 471 2141 toniumt
510 2078 716 2161 semper
751 2080 907 2139 illum
944 2080 1171 2154 hostem,
1215 2080 1425 2161 semper

219 2171 328 2229 hoe
356 2166 590 2241 bellum3
617 2184 680 2225 ut
707 2188 834 2243 ego,
857 2169 955 2244 qui
978 2168 1133 2225 omni
1168 2182 1418 2246 tempore

215 2272 381 2314 verae
409 2255 558 2331 pacis
597 2258 786 2313 auetor
815 2250 1051 2328 fuissem,
1090 2254 1219 2312 huic
1255 2252 1421 2314 effern

216 2340 440 2399 nomini
471 2337 746 2417 pestiferae
775 2339 925 2417 pacis
949 2339 1224 2397 inimicus.
1274 2338 1422 2399 idem

217 2424 696 2496 Ventidium,cum
713 2423 806 2483 alii
822 2425 1105 2483 tribunum
1123 2423 1295 2499 plebis
1312 2444 1419 2482 vo·

213 2507 438 2575 luiffint
450 2532 477 2588 ᾗ
505 2528 626 2574 non
639 2529 744 2589 ego
759 2508 965 2592 semper
978 2507 1211 2597 hostem?
1236 2512 1336 2570 has
1355 2511 1421 2573 in
