1742 3067
394 209 1035 286 PHILIPPICA
1079 210 1247 265 XIV.
1318 224 1423 283 351

224 310 280 372 la
315 308 640 391 supplicatio
675 308 889 369 decreta
920 330 951 367 a
988 307 1197 371 senatu.
1242 310 1312 369 ad
1337 326 1423 369 te·

224 395 396 477 ipsum
404 408 428 470 ,'
446 404 510 456 P.
528 394 742 468 Servili,
765 416 901 455 num
929 394 1071 455 mitit
1092 396 1231 455 ullas
1252 397 1422 455 colle·

224 503 294 560 ga
331 482 518 541 literas
547 480 616 541 de
645 480 738 539 illa
774 480 1215 541 calamitolissima
1239 502 1424 562 pugna

225 567 556 628 Pharsaliae?
581 586 716 626 num
739 580 794 625 tc
815 568 885 627 de
912 566 1308 648 supplicatione
1322 590 1425 629 vo-

223 653 332 713 luit
348 651 824 732 referre3profe6io
842 652 1107 713 noluit.at
1121 652 1260 713 mifit
1274 654 1423 734 post-

226 760 296 799 ea
307 737 380 797 de
393 737 756 813 Alexandria,
777 738 848 797 de
863 742 1162 799 Pharnace.
1196 740 1424 800 Pharsa-

225 823 364 883 lieae
375 844 514 883 vero
527 844 742 907 pugnae
758 844 832 883 ne
845 826 1181 904 triumphum
1202 826 1431 903 quidem

225 912 363 987 egit.
408 930 508 969 eos
537 910 683 969 enim
715 912 862 969 cives
896 932 1075 989 pugna
1102 910 1189 969 illa
1208 910 1427 991 sustule-

226 1008 340 1070 ταί,
361 996 562 1075 quibus
586 996 907 1055 non'modo
938 998 1105 1071 vivis,
1142 995 1231 1057 sed
1262 1000 1431 1059 etiam

225 1083 549 1156 vietoribus,
569 1096 626 1141 ct
647 1082 1042 1158 incohimia,.et
1068 1084 1275 1143 florens
1290 1086 1427 1145 civi-

227 1182 314 1229 tas
329 1166 432 1227 ess'e
445 1166 639 1247 pollet.
685 1166 840 1245 quod
855 1167 999 1227 idem
1014 1172 1325 1245 contigerat
1340 1168 1427 1229 su-

228 1253 706 1335 perioribusbellia
717 1253 1124 1314 civilibusmam
1140 1257 1273 1313 mihi
1288 1276 1427 1316 con-

229 1336 332 1399 suli
363 1336 721 1418 supplicatio,
772 1338 945 1398 nullia
973 1342 1139 1399 armis
1168 1338 1427 1421 sumptis,

226 1444 348 1487 non
365 1426 440 1483 ob
452 1422 670 1484 caedem
684 1423 1033 1499 hostium,sed
1046 1428 1121 1485 ob
1142 1424 1446 1487 conserva-

225 1514 442 1571 tionem
457 1510 686 1585 dvium,
699 1530 857 1570 novo
867 1526 925 1569 et
939 1510 1191 1571 inaudito
1206 1532 1439 1589 genere,

225 1597 448 1658 decreta
461 1594 560 1655 est.
605 1597 962 1675 quamobrem
984 1612 1081 1656 aut
1096 1595 1433 1677 supplicatio

223 1686 306 1744 ob
321 1682 708 1761 rempublicam
729 1681 1089 1763 pulcherrime
1103 1682 1304 1761 gestam
1320 1706 1425 1764 po·

227 1768 550 1829 stulantibus
579 1766 769 1827 vestris
799 1769 1221 1848 imperatoribus
1260 1769 1426 1831 dene·-

226 1853 408 1934 ganda
427 1852 526 1926 est,
548 1853 700 1932 quod
733 1870 957 1933 praeter·
970 1857 1266 1915 Gabinium
1290 1878 1430 1916 con-

227 1942 356 2017 tigit
377 1940 618 1999 nemini:
661 1954 777 2013 aut,
815 1938 1213 2019 supplicatione
1242 1942 1433 2002 decer·

227 2026 435 2100 nenda,
479 2023 656 2084 hostes
685 2042 803 2099 eos,
843 2025 921 2091 xde
948 2028 1149 2105 quibus
1181 2026 1428 2090 decerni·

182 2113 330 2187 96³,
365 2109 628 2187 judicetis
665 2108 873 2171 necesse
909 2110 1003 2170 est.
1140 2112 1309 2187 Quod
1338 2134 1431 2175 er·

231 2218 313 2277 go
327 2198 416 2255 ille
431 2216 511 2270 re,
540 2195 598 2255 id
611 2217 718 2274 ego
737 2200 902 2256 etiam
922 2197 1097 2257 verbo
1114 2219 1132 2269 ς
1164 2218 1289 2258 cum
1320 2200 1427 2259 im·

118 2360 124 2365 ι
229 2299 514 2363 peratores
551 2280 648 2343 eda
677 2283 921 2362 appello,
959 2285 1068 2342 hoc
1093 2281 1213 2365 ipso
1243 2286 1427 2345 nomi-

226 2388 302 2429 ne
315 2384 370 2428 et
386 2371 602 2448 eoa,qui
619 2370 730 2445 jam
746 2368 949 2428 devicti
969 2368 1115 2446 sunt,
1138 2386 1195 2431 et
1208 2391 1305 2430 eos
1330 2372 1428 2450 qui

225 2452 536 2534 supersunt,
574 2453 753 2513 hostes
781 2454 998 2532 judico,
1036 2476 1163 2517 cum
1184 2459 1423 2517 vistorea

223 2538 444 2621 appello
457 2541 837 2620 imperatores.
855 2540 1141 2622 quomodo
1157 2543 1305 2603 enim
1317 2562 1423 2625 po·
