1742 3067
516 211 1076 274 SUPPOSITAE.
1289 211 1402 272 365

198 305 393 367 nenseS,
410 323 513 358 non
528 305 759 358 Romani.
778 321 942 357 annon
963 301 1212 359 audivistis
1225 300 1405 352 secessi-

206 401 356 436 onem
369 386 420 436 in
436 384 529 436 hac
544 385 660 434 urbe
685 383 863 436 fastam
880 382 1226 450 saepenumero
1249 375 1406 436 fuiffi.

208 463 329 512 adeo
344 474 401 513 ut
414 461 497 512 alii
520 463 841 520 Aventinum,
861 459 944 524 alii
963 458 1278 526 Capitolium,
1293 469 1408 524 par!

207 551 431 590 montem
455 539 643 590 sacrum
656 539 973 604 occuparint?
997 537 1188 604 quoties
1212 535 1264 584 in
1284 549 1406 584 eon·

207 616 421 666 cordiam
452 627 535 666 aut
560 617 725 682 aequis
746 615 1120 672 conditionibus,
1143 623 1227 662 aut
1254 609 1336 661 alii
1353 627 1410 660 a·

204 689 287 742 liis
300 694 357 742 de
370 695 455 747 suo
464 693 576 758 jure
588 689 816 742 nonnihil
828 691 1132 741 remittentes
1140 689 1406 750 redierunt,

206 769 364 820 statim
370 786 459 837 que
474 769 588 819 odia
602 767 940 832 deposuerunt,
955 767 1198 834 reliquum
1213 777 1410 832 tempus

206 846 259 896 in
280 859 417 896 tanta
430 863 545 914 pace
564 847 617 906 in
644 859 871 912 tantaque
902 846 1158 896 concordia
1174 859 1406 911 perman-

204 923 388 983 serunt,
412 936 468 973 ut
482 923 651 974 multis
670 935 718 972 et
732 922 923 990 magnis
937 923 1153 972 victoriis
1181 935 1408 972 commu-

206 1001 337 1052 niter
356 997 649 1067 potirentur.
688 1002 882 1066 quoties
905 1016 1023 1050 vero
1053 1015 1243 1066 cunque
1276 998 1330 1048 in
1359 995 1412 1048 se

207 1077 447 1129 converfis
474 1079 619 1128 armis
638 1091 863 1128 mutuam
883 1075 1069 1128 cladem
1083 1088 1226 1143 atque
1241 1073 1411 1142 perni-

207 1157 329 1206 ciem
349 1169 747 1220 procuraverunt,
771 1155 912 1206 alteri
938 1167 991 1205 ut
1007 1170 1106 1211 eos,
1123 1154 1206 1220 qui
1221 1153 1413 1218 priores

208 1249 344 1282 arma
374 1233 614 1296 cepiffent,
640 1231 1011 1282 ulciscerentur:
1048 1230 1188 1280 alteri
1215 1246 1279 1280 ne
1307 1245 1411 1296 quo

207 1310 359 1359 modo
377 1307 633 1360 inferiores
651 1307 741 1358 esse
769 1309 1080 1374 viderentur:¹
1106 1324 1169 1356 ex
1199 1323 1258 1356 eo
1292 1303 1410 1356 nul-

206 1383 312 1440 lum
336 1387 645 1438 commodum
672 1387 737 1436 est
762 1385 1090 1436 consecutum.
1133 1385 1247 1452 quid
1273 1383 1412 1438 enim

206 1466 333 1529 apud
360 1481 467 1521 vos,
490 1466 545 1514 P.
568 1467 623 1512 C.
647 1463 731 1529 qui
759 1463 948 1528 optime
965 1461 1127 1520 nostis,
1157 1459 1299 1526 plura
1333 1461 1412 1522 diff

206 1557 315 1592 eam
332 1541 389 1590 de
407 1537 623 1598 valerie,
649 1539 707 1590 de
725 1539 948 1596 HoratiO,
979 1539 1036 1588 de
1057 1539 1332 1596 Saturnino,
1358 1547 1414 1602 et}

208 1617 429 1676 Glaucia,
454 1617 512 1668 de
534 1617 785 1676 Gracchis,
800 1633 1010 1684 quorum
1026 1615 1262 1682 exempla,
1289 1627 1338 1666 et
1355 1633 1416 1688 ες

203 1712 309 1764 pon
342 1706 565 1754 externa,
607 1695 685 1746 sed
709 1694 978 1753 domestica,
1005 1695 1183 1760 partim
1211 1693 1414 1754 imitari,

201 1774 387 1846 partim
414 1772 583 1840 fugere
615 1773 755 1824 omni
778 1773 1093 1824 contentione
1110 1771 1326 1822 debetis?
1355 1785 1415 1820 ac

210 1862 443 1917 tanquam
471 1866 523 1901 re
540 1847 637 1915 ipsa
652 1849 799 1900 finem
822 1866 989 1900 earum
1018 1866 1197 1906 rerum,
1225 1849 1281 1898 de
1301 1847 1414 1914 qui-

211 1929 303 1996 bus
337 1923 623 1983 deliberatis,
654 1938 769 1974 ante
793 1928 1094 1992 perspectum
1129 1925 1420 1986 habueritis.

210 2019 519 2072 nequaquam
538 2002 823 2060 existimate,
842 2019 922 2053 me
948 2003 1041 2053 hac
1065 2003 1289 2053 oratione
1299 2019 1416 2053 ver·

210 2082 273 2130 ba
284 2093 479 2132 tantum
494 2081 727 2130 fundere:
756 2079 832 2128 sed
855 2093 1027 2130 vetera
1051 2097 1161 2130 cum
1191 2079 1412 2144 praefen-

201 2159 341 2210 ‘tibus
354 2157 593 2218 conferre,
610 2170 681 2218 ut,
697 2168 938 2224 quantum
955 2157 1140 2208 interfit
1157 2157 1296 2224 Reip
1302 2173 1411 2206 ma-

211 2248 320 2286 ture
334 2235 618 2302 prospicere,
632 2231 937 2302 intelligatis.
977 2236 1046 2284 ita
1061 2235 1144 2284 fiet
1163 2247 1217 2284 ut
1233 2252 1336 2284 non
1351 2252 1406 2284 o-

209 2312 412 2380 pinione
429 2315 614 2363 incerta
638 2313 781 2370 duc'ti,
807 2311 954 2378 spes
940 2327 1108 2363 manes
1127 2310 1412 2379 sequamini,

210 2389 291 2442 std
307 2389 550 2441 rationum
568 2390 796 2441 firmitate
813 2389 1186 2445 nixi,tut1ffma
1217 2387 1416 2442 confilia

216 2469 435 2537 capiatis.
470 2485 582 2518 nam
607 2483 698 2516 nec
717 2467 954 2533 exemplis
985 2467 1201 2516 externis
1220 2467 1292 2516 uti
1317 2483 1411 2515 vo·-

213 2543 303 2605 lui,
324 2545 547 2616 quamvis
563 2545 835 2596 innumeris
850 2546 924 2593 uti
941 2541 1216 2614 potuissem.
1256 2559 1432 2597 unum

763 2625 880 2690 <2³
