<?xml version="1.0" encoding="UTF-8"?>
<!DOCTYPE html PUBLIC "-//W3C//DTD XHTML 1.0 Transitional//EN"
    "http://www.w3.org/TR/xhtml1/DTD/xhtml1-transitional.dtd">
<html xmlns="http://www.w3.org/1999/xhtml" xml:lang="en" lang="en">
 <head>
  <title>
</title>
<meta http-equiv="Content-Type" content="text/html;charset=utf-8" />
  <meta name='ocr-system' content='tesseract 3.04.00' />
  <meta name='ocr-capabilities' content='ocr_page ocr_carea ocr_par ocr_line ocrx_word'/>
</head>
<body>
  <div class='ocr_page' id='page_1' title='image "./mtulliiciceroni14unkngoog_0258.png"; bbox 0 0 1742 3067; ppageno 0'>
   <div class='ocr_carea' id='block_1_1' title="bbox 317 133 1564 2587">
    <p class='ocr_par' dir='ltr' id='par_1_1' title="bbox 340 133 1384 213">
     <span class='ocr_line' id='line_1_1' title="bbox 340 133 1384 213; baseline 0 -15"><span class='ocrx_word' id='word_1_1' title='bbox 340 133 453 213; x_wconf 79' lang='lat'><strong>248</strong></span> <span class='ocrx_word' id='word_1_2' title='bbox 520 135 627 194; x_wconf 86' lang='lat' dir='ltr'><strong>IN</strong></span> <span class='ocrx_word' id='word_1_3' title='bbox 676 136 762 194; x_wconf 89' lang='grc' dir='ltr'><strong>Μ.</strong></span> <span class='ocrx_word' id='word_1_4' title='bbox 815 135 1384 198; x_wconf 85' lang='lat' dir='ltr'>ANTONIUM</span> 
     </span>
    </p>

    <p class='ocr_par' dir='ltr' id='par_1_2' title="bbox 319 235 1564 1810">
     <span class='ocr_line' id='line_1_2' title="bbox 340 235 1564 322; baseline 0.006 -23"><span class='ocrx_word' id='word_1_5' title='bbox 340 241 436 300; x_wconf 80' lang='lat' dir='ltr'><strong>nia</strong></span> <span class='ocrx_word' id='word_1_6' title='bbox 452 241 661 320; x_wconf 83' lang='lat' dir='ltr'><strong>perpeti</strong></span> <span class='ocrx_word' id='word_1_7' title='bbox 676 235 929 321; x_wconf 68' lang='lat' dir='ltr'><strong>potsunt:</strong></span> <span class='ocrx_word' id='word_1_8' title='bbox 956 259 1064 302; x_wconf 79' lang='lat' dir='ltr'><strong>nos</strong></span> <span class='ocrx_word' id='word_1_9' title='bbox 1079 242 1160 302; x_wconf 74' lang='lat' dir='ltr'><strong>ita</strong></span> <span class='ocrx_word' id='word_1_10' title='bbox 1181 262 1215 302; x_wconf 78' lang='lat' dir='ltr'><strong>a</strong></span> <span class='ocrx_word' id='word_1_11' title='bbox 1244 243 1564 322; x_wconf 71' lang='lat' dir='ltr'><strong>majoribus</strong></span> 
     </span>
     <span class='ocr_line' id='line_1_3' title="bbox 340 326 1560 406; baseline 0.004 -18"><span class='ocrx_word' id='word_1_12' title='bbox 340 327 579 388; x_wconf 78' lang='lat' dir='ltr'><strong>instituti</strong></span> <span class='ocrx_word' id='word_1_13' title='bbox 606 343 772 406; x_wconf 83' lang='lat' dir='ltr'><strong>atque</strong></span> <span class='ocrx_word' id='word_1_14' title='bbox 800 330 1002 388; x_wconf 82' lang='lat' dir='ltr'><strong>imbuti</strong></span> <span class='ocrx_word' id='word_1_15' title='bbox 1035 326 1244 405; x_wconf 81' lang='lat' dir='ltr'><strong>sumus,</strong></span> <span class='ocrx_word' id='word_1_16' title='bbox 1275 345 1342 389; x_wconf 84' lang='lat' dir='ltr'><strong>ut</strong></span> <span class='ocrx_word' id='word_1_17' title='bbox 1361 334 1560 392; x_wconf 77' lang='lat' dir='ltr'><strong>omnia</strong></span> 
     </span>
     <span class='ocr_line' id='line_1_4' title="bbox 338 414 1558 494; baseline 0.003 -19"><span class='ocrx_word' id='word_1_18' title='bbox 338 414 564 476; x_wconf 71' lang='lat' dir='ltr'><strong>consilia</strong></span> <span class='ocrx_word' id='word_1_19' title='bbox 580 429 743 494; x_wconf 84' lang='lat' dir='ltr'><strong>atque</strong></span> <span class='ocrx_word' id='word_1_20' title='bbox 772 414 913 474; x_wconf 59' lang='lat' dir='ltr'><strong>faita</strong></span> <span class='ocrx_word' id='word_1_21' title='bbox 935 415 1002 474; x_wconf 81' lang='lat' dir='ltr'><strong>ad</strong></span> <span class='ocrx_word' id='word_1_22' title='bbox 1019 415 1350 494; x_wconf 80' lang='lat' dir='ltr'><strong>dignitatem</strong></span> <span class='ocrx_word' id='word_1_23' title='bbox 1365 433 1428 477; x_wconf 90' lang='lat' dir='ltr'><strong>et</strong></span> <span class='ocrx_word' id='word_1_24' title='bbox 1441 421 1558 479; x_wconf 79' lang='lat' dir='ltr'><strong>vir·</strong></span> 
     </span>
     <span class='ocr_line' id='line_1_5' title="bbox 336 501 1557 582; baseline 0.002 -18"><span class='ocrx_word' id='word_1_25' title='bbox 336 517 512 564; x_wconf 83' lang='lat' dir='ltr'><strong>tutem</strong></span> <span class='ocrx_word' id='word_1_26' title='bbox 530 501 845 562; x_wconf 79' lang='lat' dir='ltr'><strong>reseramus.</strong></span> <span class='ocrx_word' id='word_1_27' title='bbox 891 502 972 562; x_wconf 83' lang='lat' dir='ltr'><strong>ita</strong></span> <span class='ocrx_word' id='word_1_28' title='bbox 1001 503 1280 582; x_wconf 80' lang='lat' dir='ltr'><strong>praeclara</strong></span> <span class='ocrx_word' id='word_1_29' title='bbox 1303 503 1382 564; x_wconf 88' lang='lat' dir='ltr'><strong>est</strong></span> <span class='ocrx_word' id='word_1_30' title='bbox 1399 527 1557 566; x_wconf 85' lang='lat' dir='ltr'><strong>recu·</strong></span> 
     </span>
     <span class='ocr_line' id='line_1_6' title="bbox 336 589 1556 672; baseline 0.004 -23"><span class='ocrx_word' id='word_1_31' title='bbox 336 591 549 672; x_wconf 81' lang='lat' dir='ltr'><strong>pet-atio</strong></span> <span class='ocrx_word' id='word_1_32' title='bbox 564 589 859 665; x_wconf 52' lang='lat' dir='ltr'><strong>libertam,</strong></span> <span class='ocrx_word' id='word_1_33' title='bbox 884 605 946 648; x_wconf 88' lang='lat' dir='ltr'><strong>ut</strong></span> <span class='ocrx_word' id='word_1_34' title='bbox 963 610 1035 650; x_wconf 85' lang='lat' dir='ltr'><strong>ne</strong></span> <span class='ocrx_word' id='word_1_35' title='bbox 1059 611 1210 650; x_wconf 78' lang='lat' dir='ltr'><strong>mors</strong></span> <span class='ocrx_word' id='word_1_36' title='bbox 1241 593 1479 671; x_wconf 85' lang='lat' dir='ltr'><strong>quidem</strong></span> <span class='ocrx_word' id='word_1_37' title='bbox 1491 591 1556 654; x_wconf 83' lang='lat' dir='ltr'><strong>fit</strong></span> 
     </span>
     <span class='ocr_line' id='line_1_7' title="bbox 334 675 1552 758; baseline 0.004 -22"><span class='ocrx_word' id='word_1_38' title='bbox 334 678 397 737; x_wconf 86' lang='lat' dir='ltr'><strong>in</strong></span> <span class='ocrx_word' id='word_1_39' title='bbox 413 675 709 757; x_wconf 84' lang='lat' dir='ltr'><strong>repetenda</strong></span> <span class='ocrx_word' id='word_1_40' title='bbox 724 676 977 738; x_wconf 85' lang='lat' dir='ltr'><strong>libertate</strong></span> <span class='ocrx_word' id='word_1_41' title='bbox 1001 675 1283 756; x_wconf 76' lang='lat' dir='ltr'><strong>fligienda.</strong></span> <span class='ocrx_word' id='word_1_42' title='bbox 1333 681 1498 758; x_wconf 76' lang='lat' dir='ltr'><strong>quod</strong></span> <span class='ocrx_word' id='word_1_43' title='bbox 1513 678 1552 740; x_wconf 82' lang='lat' dir='ltr'><strong>fi</strong></span> 
     </span>
     <span class='ocr_line' id='line_1_8' title="bbox 336 761 1548 845; baseline 0.003 -21"><span class='ocrx_word' id='word_1_44' title='bbox 336 764 722 826; x_wconf 72' lang='lat' dir='ltr'><strong>immortalitas</strong></span> <span class='ocrx_word' id='word_1_45' title='bbox 766 761 1198 845; x_wconf 82' lang='lat' dir='ltr'><strong>consequere-tur</strong></span> <span class='ocrx_word' id='word_1_46' title='bbox 1242 765 1548 845; x_wconf 70' lang='lat' dir='ltr'><strong>praestatis</strong></span> 
     </span>
     <span class='ocr_line' id='line_1_9' title="bbox 335 851 1550 934; baseline 0.002 -24"><span class='ocrx_word' id='word_1_47' title='bbox 335 852 565 934; x_wconf 85' lang='lat' dir='ltr'><strong>periculi</strong></span> <span class='ocrx_word' id='word_1_48' title='bbox 587 851 805 930; x_wconf 74' lang='lat' dir='ltr'><strong>fugam:</strong></span> <span class='ocrx_word' id='word_1_49' title='bbox 830 867 1016 912; x_wconf 86' lang='lat' dir='ltr'><strong>tamen</strong></span> <span class='ocrx_word' id='word_1_50' title='bbox 1033 872 1106 912; x_wconf 90' lang='lat' dir='ltr'><strong>eo</strong></span> <span class='ocrx_word' id='word_1_51' title='bbox 1125 852 1306 931; x_wconf 73' lang='lat' dir='ltr'><strong>magis</strong></span> <span class='ocrx_word' id='word_1_52' title='bbox 1323 874 1388 912; x_wconf 85' lang='lat' dir='ltr'><strong>ea</strong></span> <span class='ocrx_word' id='word_1_53' title='bbox 1402 854 1550 933; x_wconf 87' lang='lat' dir='ltr'><strong>fugi·</strong></span> 
     </span>
     <span class='ocr_line' id='line_1_10' title="bbox 332 938 1550 1018; baseline 0.002 -18"><span class='ocrx_word' id='word_1_54' title='bbox 332 939 478 1000; x_wconf 85' lang='lat' dir='ltr'><strong>enda</strong></span> <span class='ocrx_word' id='word_1_55' title='bbox 502 939 799 1016; x_wconf 84' lang='lat' dir='ltr'><strong>videretur,</strong></span> <span class='ocrx_word' id='word_1_56' title='bbox 822 959 940 1018; x_wconf 86' lang='lat' dir='ltr'><strong>quo</strong></span> <span class='ocrx_word' id='word_1_57' title='bbox 969 938 1294 1003; x_wconf 79' lang='lat' dir='ltr'><strong>diuturnior</strong></span> <span class='ocrx_word' id='word_1_58' title='bbox 1313 938 1550 1002; x_wconf 75' lang='lat' dir='ltr'><strong>servitus</strong></span> 
     </span>
     <span class='ocr_line' id='line_1_11' title="bbox 333 1025 1550 1089; baseline 0.002 -2"><span class='ocrx_word' id='word_1_59' title='bbox 333 1025 482 1089; x_wconf 80' lang='lat' dir='ltr'><strong>effet.</strong></span> <span class='ocrx_word' id='word_1_60' title='bbox 518 1049 647 1088; x_wconf 86' lang='lat' dir='ltr'><strong>cum</strong></span> <span class='ocrx_word' id='word_1_61' title='bbox 662 1047 795 1087; x_wconf 83' lang='lat' dir='ltr'><strong>vero</strong></span> <span class='ocrx_word' id='word_1_62' title='bbox 811 1027 928 1086; x_wconf 80' lang='lat' dir='ltr'><strong>dies</strong></span> <span class='ocrx_word' id='word_1_63' title='bbox 945 1042 1000 1086; x_wconf 90' lang='lat' dir='ltr'><strong>et</strong></span> <span class='ocrx_word' id='word_1_64' title='bbox 1015 1031 1209 1087; x_wconf 62' lang='lat' dir='ltr'><strong>noctes</strong></span> <span class='ocrx_word' id='word_1_65' title='bbox 1225 1029 1426 1088; x_wconf 83' lang='lat' dir='ltr'><strong>omnia</strong></span> <span class='ocrx_word' id='word_1_66' title='bbox 1440 1049 1550 1089; x_wconf 83' lang='lat' dir='ltr'><strong>nos</strong></span> 
     </span>
     <span class='ocr_line' id='line_1_12' title="bbox 332 1111 1548 1196; baseline 0.001 -20"><span class='ocrx_word' id='word_1_67' title='bbox 332 1115 577 1196; x_wconf 86' lang='lat' dir='ltr'><strong>undique</strong></span> <span class='ocrx_word' id='word_1_68' title='bbox 608 1114 719 1174; x_wconf 86' lang='lat' dir='ltr'><strong>fata</strong></span> <span class='ocrx_word' id='word_1_69' title='bbox 746 1111 1126 1175; x_wconf 76' lang='lat' dir='ltr'><strong>circumstent=</strong></span> <span class='ocrx_word' id='word_1_70' title='bbox 1153 1135 1275 1176; x_wconf 84' lang='lat' dir='ltr'><strong>non</strong></span> <span class='ocrx_word' id='word_1_71' title='bbox 1307 1113 1387 1175; x_wconf 85' lang='lat' dir='ltr'><strong>est</strong></span> <span class='ocrx_word' id='word_1_72' title='bbox 1417 1117 1548 1191; x_wconf 81' lang='lat' dir='ltr'><strong>viri,</strong></span> 
     </span>
     <span class='ocr_line' id='line_1_13' title="bbox 330 1201 1546 1282; baseline -0.002 -18"><span class='ocrx_word' id='word_1_73' title='bbox 330 1204 670 1282; x_wconf 87' lang='lat' dir='ltr'><strong>minimeque</strong></span> <span class='ocrx_word' id='word_1_74' title='bbox 698 1203 965 1278; x_wconf 84' lang='lat' dir='ltr'><strong>Romani,</strong></span> <span class='ocrx_word' id='word_1_75' title='bbox 987 1201 1260 1278; x_wconf 79' lang='lat' dir='ltr'><strong>dubitare,</strong></span> <span class='ocrx_word' id='word_1_76' title='bbox 1281 1223 1416 1263; x_wconf 85' lang='lat' dir='ltr'><strong>eum</strong></span> <span class='ocrx_word' id='word_1_77' title='bbox 1441 1201 1546 1282; x_wconf 84' lang='lat' dir='ltr'><strong>spi·</strong></span> 
     </span>
     <span class='ocr_line' id='line_1_14' title="bbox 331 1288 1550 1370; baseline -0.001 -19"><span class='ocrx_word' id='word_1_78' title='bbox 331 1293 523 1368; x_wconf 87' lang='lat' dir='ltr'><strong>ritum,</strong></span> <span class='ocrx_word' id='word_1_79' title='bbox 538 1309 705 1370; x_wconf 89' lang='lat' dir='ltr'><strong>quem</strong></span> <span class='ocrx_word' id='word_1_80' title='bbox 727 1301 857 1348; x_wconf 85' lang='lat' dir='ltr'><strong>natu</strong></span> <span class='ocrx_word' id='word_1_81' title='bbox 864 1309 957 1348; x_wconf 87' lang='lat' dir='ltr'><strong>rae</strong></span> <span class='ocrx_word' id='word_1_82' title='bbox 971 1290 1098 1368; x_wconf 80' lang='lat' dir='ltr'><strong>quis</strong></span> <span class='ocrx_word' id='word_1_83' title='bbox 1113 1288 1550 1370; x_wconf 74' lang='lat' dir='ltr'><strong>debeat,patriae</strong></span> 
     </span>
     <span class='ocr_line' id='line_1_15' title="bbox 331 1375 1546 1458; baseline -0.002 -18"><span class='ocrx_word' id='word_1_84' title='bbox 331 1377 578 1440; x_wconf 84' lang='lat' dir='ltr'>reddere.</span> <span class='ocrx_word' id='word_1_85' title='bbox 625 1378 977 1436; x_wconf 80' lang='lat' dir='ltr'><strong>concurritur</strong></span> <span class='ocrx_word' id='word_1_86' title='bbox 1006 1375 1254 1458; x_wconf 84' lang='lat' dir='ltr'><strong>undique</strong></span> <span class='ocrx_word' id='word_1_87' title='bbox 1281 1377 1356 1438; x_wconf 76' lang='lat' dir='ltr'><strong>ad</strong></span> <span class='ocrx_word' id='word_1_88' title='bbox 1387 1397 1546 1438; x_wconf 84' lang='lat' dir='ltr'><strong>com·</strong></span> 
     </span>
     <span class='ocr_line' id='line_1_16' title="bbox 319 1462 1546 1543; baseline -0.003 -15"><span class='ocrx_word' id='word_1_89' title='bbox 319 1487 500 1542; x_wconf 36' lang='lat' dir='ltr'><strong>„mune</strong></span> <span class='ocrx_word' id='word_1_90' title='bbox 530 1463 851 1526; x_wconf 86' lang='lat' dir='ltr'><strong>incendium</strong></span> <span class='ocrx_word' id='word_1_91' title='bbox 877 1462 1364 1543; x_wconf 69' lang='lat' dir='ltr'><strong>restinguendum</strong></span> <span class='ocrx_word' id='word_1_92' title='bbox 1389 1479 1546 1526; x_wconf 85' lang='lat' dir='ltr'><strong>vete-</strong></span> 
     </span>
     <span class='ocr_line' id='line_1_17' title="bbox 326 1545 1546 1638; baseline -0.003 -22"><span class='ocrx_word' id='word_1_93' title='bbox 326 1556 560 1634; x_wconf 75' lang='lat' dir='ltr'><strong>ranique</strong></span> <span class='ocrx_word' id='word_1_94' title='bbox 590 1553 755 1633; x_wconf 87' lang='lat' dir='ltr'><strong>primi</strong></span> <span class='ocrx_word' id='word_1_95' title='bbox 779 1545 1022 1638; x_wconf 61' lang='lat' dir='ltr'><strong>Caesaris</strong></span> <span class='ocrx_word' id='word_1_96' title='bbox 1055 1553 1442 1614; x_wconf 63' lang='lat' dir='ltr'><strong>auetoritatem</strong></span> <span class='ocrx_word' id='word_1_97' title='bbox 1465 1549 1546 1612; x_wconf 76' lang='lat' dir='ltr'><strong>st·</strong></span> 
     </span>
     <span class='ocr_line' id='line_1_18' title="bbox 328 1637 1546 1722; baseline -0.002 -18"><span class='ocrx_word' id='word_1_98' title='bbox 328 1643 466 1714; x_wconf 83' lang='lat' dir='ltr'><strong>cuti,</strong></span> <span class='ocrx_word' id='word_1_99' title='bbox 488 1655 753 1700; x_wconf 82' lang='lat' dir='ltr'><strong>conatum</strong></span> <span class='ocrx_word' id='word_1_100' title='bbox 784 1641 1024 1699; x_wconf 83' lang='lat' dir='ltr'><strong>Antonii</strong></span> <span class='ocrx_word' id='word_1_101' title='bbox 1037 1639 1392 1722; x_wconf 69' lang='lat' dir='ltr'><strong>repuleram</strong></span> <span class='ocrx_word' id='word_1_102' title='bbox 1417 1637 1546 1722; x_wconf 76' lang='lat' dir='ltr'><strong>post</strong></span> 
     </span>
     <span class='ocr_line' id='line_1_19' title="bbox 326 1724 1536 1810; baseline 0 -22"><span class='ocrx_word' id='word_1_103' title='bbox 326 1726 567 1810; x_wconf 82' lang='lat' dir='ltr'><strong>ejusdem</strong></span> <span class='ocrx_word' id='word_1_104' title='bbox 602 1727 851 1788; x_wconf 83' lang='lat' dir='ltr'><strong>furorem</strong></span> <span class='ocrx_word' id='word_1_105' title='bbox 894 1727 1100 1786; x_wconf 85' lang='lat' dir='ltr'><strong>Martia</strong></span> <span class='ocrx_word' id='word_1_106' title='bbox 1137 1725 1287 1805; x_wconf 84' lang='lat' dir='ltr'><strong>legio</strong></span> <span class='ocrx_word' id='word_1_107' title='bbox 1325 1724 1497 1806; x_wconf 82' lang='lat' dir='ltr'><strong>fregit</strong></span> <span class='ocrx_word' id='word_1_108' title='bbox 1513 1749 1536 1788; x_wconf 68' lang='grc' dir='ltr'><strong>ι</strong></span> 
     </span>
    </p>

    <p class='ocr_par' dir='ltr' id='par_1_3' title="bbox 324 1811 1534 1897">
     <span class='ocr_line' id='line_1_20' title="bbox 324 1811 1534 1897; baseline 0 -21"><span class='ocrx_word' id='word_1_109' title='bbox 324 1831 523 1897; x_wconf 81' lang='lat' dir='ltr'><strong>quarta</strong></span> <span class='ocrx_word' id='word_1_110' title='bbox 542 1813 757 1874; x_wconf 82' lang='lat' dir='ltr'><strong>afflixit.</strong></span> <span class='ocrx_word' id='word_1_111' title='bbox 800 1811 877 1874; x_wconf 85' lang='lat' dir='ltr'><strong>fic</strong></span> <span class='ocrx_word' id='word_1_112' title='bbox 893 1834 925 1873; x_wconf 84' lang='lat' dir='ltr'><strong>a</strong></span> <span class='ocrx_word' id='word_1_113' title='bbox 939 1811 1048 1873; x_wconf 79' lang='lat' dir='ltr'><strong>suis</strong></span> <span class='ocrx_word' id='word_1_114' title='bbox 1061 1813 1378 1892; x_wconf 84' lang='lat' dir='ltr'><strong>legionibus</strong></span> <span class='ocrx_word' id='word_1_115' title='bbox 1393 1835 1534 1876; x_wconf 84' lang='lat' dir='ltr'><strong>con·</strong></span> 
     </span>
    </p>

    <p class='ocr_par' dir='ltr' id='par_1_4' title="bbox 324 1899 1538 1981">
     <span class='ocr_line' id='line_1_21' title="bbox 324 1899 1538 1981; baseline -0.002 -17"><span class='ocrx_word' id='word_1_116' title='bbox 324 1903 640 1975; x_wconf 69' lang='lat' dir='ltr'><strong>demnatuS,</strong></span> <span class='ocrx_word' id='word_1_117' title='bbox 661 1902 860 1980; x_wconf 85' lang='lat' dir='ltr'><strong>irrupit</strong></span> <span class='ocrx_word' id='word_1_118' title='bbox 877 1902 938 1958; x_wconf 90' lang='lat' dir='ltr'><strong>in</strong></span> <span class='ocrx_word' id='word_1_119' title='bbox 957 1899 1216 1976; x_wconf 82' lang='lat' dir='ltr'><strong>Galliam,</strong></span> <span class='ocrx_word' id='word_1_120' title='bbox 1237 1921 1410 1981; x_wconf 77' lang='lat' dir='ltr'><strong>quam</strong></span> <span class='ocrx_word' id='word_1_121' title='bbox 1439 1899 1538 1962; x_wconf 82' lang='lat' dir='ltr'><strong>fibi</strong></span> 
     </span>
    </p>

    <p class='ocr_par' dir='ltr' id='par_1_5' title="bbox 322 1985 1536 2068">
     <span class='ocr_line' id='line_1_22' title="bbox 322 1985 1536 2068; baseline -0.002 -18"><span class='ocrx_word' id='word_1_122' title='bbox 322 1993 515 2065; x_wconf 81' lang='lat' dir='ltr'><strong>armis,</strong></span> <span class='ocrx_word' id='word_1_123' title='bbox 538 1985 839 2066; x_wconf 84' lang='lat' dir='ltr'><strong>animisque</strong></span> <span class='ocrx_word' id='word_1_124' title='bbox 852 1985 1127 2064; x_wconf 83' lang='lat' dir='ltr'><strong>infestam,</strong></span> <span class='ocrx_word' id='word_1_125' title='bbox 1139 1989 1536 2068; x_wconf 80' lang='lat' dir='ltr'><strong>inimicamque</strong></span> 
     </span>
    </p>

    <p class='ocr_par' dir='ltr' id='par_1_6' title="bbox 319 2072 1534 2154">
     <span class='ocr_line' id='line_1_23' title="bbox 319 2072 1534 2154; baseline -0.002 -17"><span class='ocrx_word' id='word_1_126' title='bbox 319 2079 614 2154; x_wconf 82' lang='lat' dir='ltr'><strong>cognovit.</strong></span> <span class='ocrx_word' id='word_1_127' title='bbox 660 2078 810 2134; x_wconf 87' lang='lat' dir='ltr'><strong>hunc</strong></span> <span class='ocrx_word' id='word_1_128' title='bbox 842 2082 916 2134; x_wconf 89' lang='lat' dir='ltr'><strong>A.</strong></span> <span class='ocrx_word' id='word_1_129' title='bbox 943 2077 1140 2152; x_wconf 79' lang='lat' dir='ltr'><strong>Hirtii,</strong></span> <span class='ocrx_word' id='word_1_130' title='bbox 1177 2080 1248 2136; x_wconf 86' lang='lat' dir='ltr'><strong>C.</strong></span> <span class='ocrx_word' id='word_1_131' title='bbox 1283 2072 1534 2135; x_wconf 71' lang='lat' dir='ltr'><strong>Caesaris</strong></span> 
     </span>
    </p>

    <p class='ocr_par' dir='ltr' id='par_1_7' title="bbox 318 2158 1534 2243">
     <span class='ocr_line' id='line_1_24' title="bbox 318 2158 1534 2243; baseline -0.002 -19"><span class='ocrx_word' id='word_1_132' title='bbox 318 2167 597 2224; x_wconf 80' lang='lat' dir='ltr'><strong>exercitus</strong></span> <span class='ocrx_word' id='word_1_133' title='bbox 625 2159 853 2222; x_wconf 85' lang='lat' dir='ltr'><strong>insecuti</strong></span> <span class='ocrx_word' id='word_1_134' title='bbox 884 2159 1044 2222; x_wconf 68' lang='lat' dir='ltr'><strong>sunta</strong></span> <span class='ocrx_word' id='word_1_135' title='bbox 1070 2161 1190 2243; x_wconf 87' lang='lat' dir='ltr'><strong>post</strong></span> <span class='ocrx_word' id='word_1_136' title='bbox 1207 2158 1422 2224; x_wconf 75' lang='lat' dir='ltr'><strong>Pansae</strong></span> <span class='ocrx_word' id='word_1_137' title='bbox 1434 2160 1534 2222; x_wconf 84' lang='lat' dir='ltr'><strong>de·</strong></span> 
     </span>
    </p>

    <p class='ocr_par' dir='ltr' id='par_1_8' title="bbox 318 2249 1530 2328">
     <span class='ocr_line' id='line_1_25' title="bbox 318 2249 1530 2328; baseline -0.002 -14"><span class='ocrx_word' id='word_1_138' title='bbox 318 2251 495 2314; x_wconf 62' lang='lat' dir='ltr'><strong>leffitus</strong></span> <span class='ocrx_word' id='word_1_139' title='bbox 527 2251 740 2324; x_wconf 81' lang='lat' dir='ltr'><strong>urbem,</strong></span> <span class='ocrx_word' id='word_1_140' title='bbox 775 2262 1062 2328; x_wconf 82' lang='lat' dir='ltr'><strong>totamque</strong></span> <span class='ocrx_word' id='word_1_141' title='bbox 1085 2249 1298 2310; x_wconf 80' lang='lat' dir='ltr'><strong>Italiam</strong></span> <span class='ocrx_word' id='word_1_142' title='bbox 1329 2251 1530 2312; x_wconf 82' lang='lat' dir='ltr'><strong>erexit.</strong></span> 
     </span>
    </p>

    <p class='ocr_par' dir='ltr' id='par_1_9' title="bbox 320 2333 1532 2417">
     <span class='ocr_line' id='line_1_26' title="bbox 320 2333 1532 2417; baseline -0.002 -18"><span class='ocrx_word' id='word_1_143' title='bbox 320 2359 469 2400; x_wconf 83' lang='lat' dir='ltr'><strong>unus</strong></span> <span class='ocrx_word' id='word_1_144' title='bbox 490 2338 743 2398; x_wconf 82' lang='lat' dir='ltr'><strong>omnium</strong></span> <span class='ocrx_word' id='word_1_145' title='bbox 774 2333 849 2396; x_wconf 89' lang='lat' dir='ltr'><strong>est</strong></span> <span class='ocrx_word' id='word_1_146' title='bbox 862 2334 1053 2398; x_wconf 80' lang='lat' dir='ltr'><strong>hostis.</strong></span> <span class='ocrx_word' id='word_1_147' title='bbox 1099 2355 1420 2417; x_wconf 80' lang='lat' dir='ltr'><strong>quanquam</strong></span> <span class='ocrx_word' id='word_1_148' title='bbox 1435 2338 1532 2398; x_wconf 74' lang='lat' dir='ltr'><strong>ha·</strong></span> 
     </span>
    </p>

    <p class='ocr_par' dir='ltr' id='par_1_10' title="bbox 318 2421 1542 2504">
     <span class='ocr_line' id='line_1_27' title="bbox 318 2421 1542 2504; baseline -0.002 -18"><span class='ocrx_word' id='word_1_149' title='bbox 318 2428 414 2486; x_wconf 89' lang='lat' dir='ltr'><strong>bet</strong></span> <span class='ocrx_word' id='word_1_150' title='bbox 434 2423 613 2484; x_wconf 65' lang='lat' dir='ltr'><strong>{ecum</strong></span> <span class='ocrx_word' id='word_1_151' title='bbox 634 2429 701 2482; x_wconf 90' lang='lat' dir='ltr'><strong>L.</strong></span> <span class='ocrx_word' id='word_1_152' title='bbox 720 2421 968 2499; x_wconf 80' lang='lat' dir='ltr'><strong>fratrem,</strong></span> <span class='ocrx_word' id='word_1_153' title='bbox 985 2423 1306 2488; x_wconf 71' lang='lat' dir='ltr'><strong>carissimum</strong></span> <span class='ocrx_word' id='word_1_154' title='bbox 1323 2422 1542 2504; x_wconf 79' lang='lat' dir='ltr'><strong>populo</strong></span> 
     </span>
    </p>

    <p class='ocr_par' dir='ltr' id='par_1_11' title="bbox 317 2507 1532 2587">
     <span class='ocr_line' id='line_1_28' title="bbox 317 2507 1532 2587; baseline 0 -15"><span class='ocrx_word' id='word_1_155' title='bbox 317 2517 581 2572; x_wconf 79' lang='lat' dir='ltr'><strong>Romano</strong></span> <span class='ocrx_word' id='word_1_156' title='bbox 596 2510 793 2570; x_wconf 70' lang='lat' dir='ltr'><strong>eivenit</strong></span> <span class='ocrx_word' id='word_1_157' title='bbox 812 2509 902 2587; x_wconf 80' lang='lat' dir='ltr'><strong>cuj</strong></span> <span class='ocrx_word' id='word_1_158' title='bbox 909 2529 976 2572; x_wconf 74' lang='lat' dir='ltr'><strong>us</strong></span> <span class='ocrx_word' id='word_1_159' title='bbox 990 2507 1316 2578; x_wconf 77' lang='lat' dir='ltr'><strong>defiderium</strong></span> <span class='ocrx_word' id='word_1_160' title='bbox 1331 2509 1532 2576; x_wconf 65' lang='lat' dir='ltr'><strong>civitas</strong></span> 
     </span>
    </p>
   </div>
   <div class='ocr_carea' id='block_1_2' title="bbox 1703 37 1719 1252">
    <p class='ocr_par' dir='ltr' id='par_1_12' title="bbox 1703 37 1719 1252">
     <span class='ocr_line' id='line_1_29' title="bbox 1703 37 1719 1252; baseline 0 0"><span class='ocrx_word' id='word_1_161' title='bbox 1703 37 1719 1252; x_wconf 95' lang='lat' dir='ltr'><strong> </strong></span> 
     </span>
    </p>
   </div>
  </div>
 </body>
</html>
