1742 3067
371 184 1016 264 PHJLIPPICA
1066 188 1146 240 11.
1275 200 1348 258 45

142 307 237 351 ces
261 284 649 345 admovendae
670 282 821 359 sunt,
842 303 988 363 quae
1009 299 1066 344 te
1085 286 1354 361 excitent,

143 389 333 433 tantae
348 369 537 431 causae
552 370 1012 431 indormientem?
1037 392 1356 449 nunquam·

144 480 218 517 ne
238 456 533 533 intelligis,
549 456 888 515 statuendum
905 458 1004 517 tibi
1020 457 1144 531 elle,
1169 474 1358 521 utrum

146 545 253 619 illi,
282 544 385 622 qui
406 542 559 602 istam
582 562 699 601 rem
728 540 1022 618 gesserunt,
1051 544 1360 605 homicidae
1449 572 1456 577 ·

74 628 121 673 ¹3
148 630 277 704 fint,
312 650 387 688 an
404 629 659 688 vindices
680 628 978 689 libertatis?
1114 631 1358 691 Attende

150 720 300 779 enim
327 712 623 795 paulisper,
660 715 1163 792 cogitationemque
1187 714 1358 777 sobrii

152 804 407 873 hominia,
422 806 690 880 puneium
714 802 980 879 temporis
1003 798 1226 881 suscipe.
1271 819 1360 861 et·-

150 890 303 963 enira
318 908 448 964 ego,
464 889 568 967 qui
591 884 705 945 sum
734 885 982 961 illorum,
1004 901 1068 944 ut
1089 886 1198 967 ipse
1217 887 1360 947 fate-

154 996 244 1049 or,
266 974 555 1041 familiaris
568 994 587 1045 3
608 988 670 1032 ut
684 994 716 1029 a
730 988 784 1031 te
797 992 1022 1050 arguor,
1037 971 1216 1033 locius
1227 994 1360 1046 3ne-

152 1081 228 1139 go
244 1058 549 1139 quidquam
564 1056 665 1117 ess'e
680 1056 942 1117 medium:
953 1058 1226 1119 confiteor
1239 1080 1358 1137 eos,

156 1145 257 1207 nifi
280 1147 609 1207 liberatores
630 1142 821 1223 populi
855 1147 1119 1220 Romani,
1141 1147 1362 1207 conser-

155 1232 486 1311 vatoresque
494 1230 821 1311 reipublicae
833 1229 962 1303 fint,
977 1230 1102 1310 plus
1117 1231 1362 1310 quamfi-

156 1321 365 1392 caries,
388 1317 515 1397 plus
528 1336 693 1397 quam
706 1316 1036 1392 homicidas,
1059 1316 1182 1397 plus
1197 1320 1363 1379 etiam

158 1403 651 1485 quam-parricidas
664 1398 799 1461 effe=
824 1402 1087 1481 siquidem
1109 1402 1182 1462 est
1211 1421 1362 1465 atro·

156 1494 279 1553 cius
294 1492 507 1571 patriae
520 1502 833 1570 parentem,
848 1508 1016 1567 quam
1037 1486 1190 1549 suum
1205 1493 1362 1551 occi-

159 1577 377 1637 dere.tu
392 1580 565 1636 bomo
582 1575 859 1654 sapienset
873 1572 1364 1655 confiderate,quid

158 1664 332 1725 dicis?
366 1661 405 1723 fi
422 1662 751 1742 parricidae:
785 1681 886 1720 cur
907 1663 1136 1721 honoris
1161 1660 1364 1721 causta

158 1766 215 1811 te
230 1750 365 1809 sunt
384 1765 443 1809 et
466 1751 527 1807 in
543 1751 653 1809 hoc
682 1746 900 1822 ordine,
935 1762 992 1805 et
1016 1746 1160 1825 apud
1181 1768 1364 1827 popu·

156 1836 277 1897 lum
288 1843 607 1897 Romanum
622 1832 831 1913 semper
844 1832 1126 1913 appellati?
1161 1855 1260 1893 eur
1275 1840 1362 1894 M.

156 1930 395 1996 Brutus,
418 1938 472 1981 te
488 1920 777 1994 referente,
796 1919 1014 1995 'legibus
1033 1917 1110 1977 est
1131 1918 1366 1995 solutus,

156 2008 199 2069 fi
213 2012 285 2071 ab
300 2010 461 2081 urbe,
490 2006 615 2085 plus
636 2025 801 2085 quam
814 2004 1000 2065 decem
1029 2004 1148 2063 dies
1169 2004 1364 2065 abfiiis·

156 2094 269 2157 set?
302 2116 403 2155 cur
425 2093 543 2151 ludi
575 2091 924 2170 Apollinares
947 2090 1252 2151 incredibili
1273 2098 1362 2153 M.

157 2185 321 2243 Bruti
354 2177 892 2243 boneregelebrati?
931 2196 1028 2235 cur
1045 2178 1365 2255 provinciae

159 2269 340 2329 Cassio
358 2282 415 2325 et
430 2272 605 2325 Bruto
620 2262 806 2323 datae?
830 2282 930 2321 cur
944 2261 1249 2340 quaestores
1267 2263 1366 2324 ad·
1437 2338 1444 2341 ,

156 2355 293 2414 diti?
320 2373 423 2414 cur
436 2350 743 2428 legatorum
758 2368 1022 2409 numerus
1037 2349 1252 2409 anetus?
1277 2365 1364 2409 at·

156 2462 265 2521 que
278 2445 417 2501 haec
440 2442 555 2497 aeta
568 2456 675 2516 per.
684 2452 757 2497 te.
803 2455 926 2493 non
939 2434 1106 2511 igitur
1129 2437 1364 2495 homici-

156 2528 283 2593 dae.
328 2524 600 2606 sequitur,
622 2538 685 2583 ut
701 2522 1022 2585 liberatores
1037 2535 1136 2581 tuo
1143 2520 1360 2600 judicio
