1742 3067
331 182 980 241 PHILIPPICA
1033 184 1112 238 ΙΙ.
1252 196 1326 253 27

118 286 293 351 necin
309 287 413 345 hac
429 304 548 345 mea
563 284 944 345 mediocritate
959 284 1326 367 ingenii‚quid

119 371 393 452 despicere
406 372 565 451 poffit
590 374 896 433 Antonius.
949 392 1022 430 an
1056 372 1114 428 in
1139 368 1330 432 senatu

120 459 381 520 facillime
410 458 479 517 de
508 478 597 518 me
622 458 839 517 detrahi
873 457 1020 537 poss‘e
1043 456 1324 517 eredidit?

120 548 219 626 qui
240 546 387 605 ordo
416 544 715 605 elarissimis
744 546 962 605 civ-ibus
984 546 1127 603 bene
1154 542 1330 621 gestae

121 632 455 713 reipublicae
478 630 848 691 testimonium
878 629 1090 705 multis,
1113 632 1248 689 mihi
1265 640 1334 689 u·‘

115 721 176 779 ni
194 716 553 779 constet-vavae
575 717 768 777 dedit?
804 738 876 777 an
909 718 1188 777 decertare
1216 738 1332 777 me-

112 826 249 867 cum
272 805 468 865 voluit
508 806 874 864 contentione
919 803 1184 863 dicendi?
1225 805 1334 862 hod

114 890 349 973 quidem
370 889 696 951 beneficium
728 889 835 949 est:
860 890 999 970 quid
1030 892 1180 949 enim
1215 888 1334 969 ple·

114 981 275 1053 nius,
298 976 435 1057 quid
452 978 859 1057 uberins‚quam
883 978 1018 1036 mihi
1035 991 1092 1035 et
1105 997 1208 1059 pro
1225 988 1340 1051 mei

114 1078 175 1125 et
188 1078 398 1125 contra
417 1066 732 1123 Antonium
746 1062 954 1123 dicere?
965 1063 1102 1123 illud
1116 1062 1342 1142 profe&

114 1168 181 1211 to
198 1150 279 1211 est
296 1174 311 1210 ε
332 1172 453 1209 non
470 1149 819 1225 existimavit,
836 1147 917 1209 sui
931 1147 1188 1210 fimilibus
1205 1160 1340 1229 pro-³

114 1240 241 1298 bari
260 1235 435 1316 poste,
462 1234 512 1296 se
526 1234 629 1295 effe
646 1236 849 1297 h’ostem
868 1238 1096 1317 patriae,
1121 1236 1219 1296 nifi
1235 1239 1342 1295 mi·

114 1326 181 1386 hi
194 1321 333 1383 effet
350 1324 630 1383 inimicus.
667 1324 757 1384 cui
772 1326 927 1404 prius
946 1342 1111 1402 quam
1127 1323 1197 1382 de
1219 1342 1342 1395 cae·

114 1411 265 1470 teris
280 1412 446 1469 rebus
462 1408 788 1489 responden,
810 1408 880 1469 de
896 1410 1151 1485 amicitia,
1177 1418 1344 1489 quani

115 1519 151 1557 a
168 1516 269 1557 me
284 1496 553 1557 violatam
586 1494 687 1555 effe
719 1498 1044 1555 criminatus
1067 1494 1162 1572 est,
1185 1496 1344 1576 quod

117 1604 235 1663 ego
271 1582 637 1661 gravissimum
669 1585 876 1642 crimen
911 1582 1126 1661 judice,
1171 1601 1348 1661 pauca

62 1688 93 1724 2
121 1672 345 1731 dicam.
486 1674 699 1729 Contra
724 1690 839 1731 rem
861 1668 1008 1727 >{imm
1039 1668 1242 1729 venisse
1256 1680 1350 1727 me

124 1755 327 1818 nescio
360 1755 585 1835 quando
605 1754 827 1835 questus
858 1753 952 1815 est.
1001 1776 1072 1815 an
1095 1776 1202 1833 ego
1226 1774 1350 1815 non

120 1845 396 1903 venirem
420 1855 615 1902 contra
630 1841 870 1901 alienum
895 1861 1000 1922 pro
1025 1842 1280 1903 familiari
1295 1850 1352 1901 et

122 1927 444 1990 necessario
482 1948 609 1987 meo
632 1929 653 1986 ?
707 1948 825 1987 non
865 1929 1111 1989 venirem
1152 1938 1354 1988 contrat

116 2018 397 2096 gratiam,
420 2035 538 2073 non
556 2017 777 2073 virtutis
795 2014 907 2095 spe,
930 2014 1018 2074 sed
1035 2018 1228 2075 aetatis
1245 2016 1352 2075 flo-

118 2101 535 2187 recollectam?
570 2122 689 2161 non
710 2103 966 2161 venirem·
981 2122 1088 2162 con
1096 2118 1178 2161 tra
1202 2103 1354 2179 injus

116 2193 305 2262 riam,
328 2206 496 2267 quam
517 2185 609 2246 iste
638 2184 1006 2247 intercessoris
1041 2188 1358 2268 iniquiffimi

118 2274 415 2337 beneficio
436 2275 702 2349 obtinuit,
730 2295 850 2334 non
868 2276 995 2353 jure
1027 2277 1308 2355 praetorio
1329 2276 1353 2335 ἓ

120 2360 261 2435 (sed
281 2363 393 2420 hoc
408 2359 616 2419 idcirco
633 2378 1123 2421 commemoratum
1139 2384 1171 2421 a
1187 2378 1360 2441 tepu-

124 2467 229 2525 ιο,
266 2462 330 2507 ut
372 2462 428 2506 te
458 2446 659 2505 infimo
688 2447 880 2507 ordini
917 2449 1330 2509 commendares
1338 2490 1359 2522 ,

122 2554 277 2599 eum
292 2549 349 2596 te
364 2552 565 2595 omnes
582 2534 1004 2597 recordarentur
1017 2536 1260 2597 libertini
1274 2552 1362 2613 ge·

680 2626 725 2681 B
782 2640 815 2685 2
