1742 3067
302 200 943 260 PHILIPPICA
988 202 1153 257 XIII.
1208 208 1317 275 337

107 300 272 387 quod
295 300 688 383 reliquum-est,
717 320 838 361 non
862 299 938 361 est
960 302 1203 375 tertium,
1232 298 1323 360 sed

119 388 446 472 postremum
472 391 747 463 omnium,
769 390 1068 448 maximam
1085 386 1327 466 turpitu-

28 478 31 499 ²
119 475 309 537 dinem
339 473 603 555 suscipere
632 476 782 534 vitae
813 474 1132 555 cupiditate.
1182 490 1327 552 quae

122 580 246 622 cum
275 564 354 620 ita
376 559 506 635 fint,
535 560 916 635 demandatis,
945 558 1219 638 literisque
1235 564 1323 618 M,
1384 565 1388 573 '

28 660 30 663 ’
117 646 337 727 Lepidi,
366 648 473 705 viti
488 646 776 719 clarissimi,
792 644 1023 705 Servilio
1039 644 1324 705 assentiore

119 748 178 792 et
189 736 298 793 hoc
319 732 552 811 amplius
583 730 800 805 censeo,
833 731 853 763 ⁴
873 738 1140 809 Magnum
1165 738 1330 791 Pom·

123 817 146 851 ‘
167 821 372 895 peium,
389 816 698 891 Cn.filium‚
709 836 811 897 pro
828 817 1329 896 patrisjmajorum-

122 902 145 936 ‘
167 924 276 984 que
305 901 526 963 suorum
556 904 744 962 auimo
780 902 1067 982 studioque
1095 904 1157 961 in
1180 923 1324 962 rem·

122 987 466 1070 ‘.publicam‚
494 988 698 1069 suaque
728 987 960 1069 pristina·
976 991 1205 1061 virtute,
1236 991 1325 1048 in·
1390 1024 1395 1028 -

123 1072 146 1107 ‘
171 1074 392 1147 dustria,
420 1074 734 1149 voluntate,
760 1072 959 1148 seciffe,
989 1073 1137 1155 quod
1153 1072 1329 1150 suam,

123 1159 146 1194 ‘
154 1175 648 1240 :eorumqueffluos
661 1159 839 1221 secum
853 1162 1327 1239 haberet,operam

119 1245 142 1280 ‘
159 1244 403 1320 senatui,
433 1247 752 1325 populoque
775 1252 1032 1307 Romano
1045 1246 1328 1325 pollicitus

120 1330 321 1405 stellet,
349 1350 580 1409 eamque
597 1352 710 1391 rem
742 1330 975 1407 senatui,
1010 1332 1330 1412 populoque

115 1419 144 1453 ⁴
171 1424 430 1478 Romano
447 1432 659 1495 gratam
676 1434 1062 1498 acceptamque
1088 1416 1211 1491 effe,
1249 1419 1331 1477 ei·

119 1502 145 1539 ‘
170 1524 280 1585 que
295 1505 502 1563 honori
519 1502 889 1585 dignitatique
904 1524 1022 1564 eam
1038 1524 1151 1563 rem
1166 1503 1331 1563 fore?

119 1594 234 1651 hoc
263 1590 352 1649 vel
367 1590 638 1667 conjungi
667 1610 791 1649 cum
815 1593 923 1649 hoc
947 1589 1330 1650 senatus-con·

120 1674 268 1737 sulto
284 1674 434 1750 licet,
458 1675 546 1735 vel
562 1674 768 1755 sejungi
797 1674 997 1755 potest,
1018 1674 1332 1757 separatim·

121 1782 234 1843 que
249 1760 505 1842 perscribi
512 1778 595 1837 ,ut
617 1766 846 1843 proprio
862 1761 1046 1823 senatu
1054 1761 1329 1830 s·consul-

121 1862 189 1909 to
206 1848 502 1926 Pompeius
516 1848 857 1912 collaudatus
874 1847 974 1912 effi:
988 1846 1260 1911 videatur.
