1742 3067
301 166 975 241 ‚PHILIPPICA
1024 170 1107 228 11.
1262 184 1329 239 71

121 272 337 338 multas
356 266 727 354 poffessiones,
763 292 836 331 ex
869 274 1096 353 quibus,
1122 288 1339 353 praeter

125 376 344 445 partem
370 357 593 435 Miseni,
631 360 772 418 nihil
799 375 938 434 erat,
963 359 1116 439 qnod
1146 363 1219 434 is,
1242 363 1339 440 qui

129 450 567 521 metionaretmy
596 444 772 526 posset
785 444 947 505 suum
962 446 1161 507 dicere.
1209 466 1339 508 aue·

131 538 314 597 tionis
329 554 470 620 vero
489 531 807 593 miserabilis
829 530 1145 613 adspefiusz
1176 534 1341 597 vestis

135 623 390 702 Pompeii
405 640 529 681 non
543 620 738 695 muita,
761 640 937 700 eaque
954 620 1229 681 maculosa
1242 642 1261 682 t
1286 642 1343 683 e·

130 708 354 792 jusdem
386 707 654 788 quaedam
681 722 939 786 argentea
967 705 1095 768 vasa
1124 706 1346 770 collisa:

141 792 426 859 sordidata
451 795 756 874 mancipiae
781 808 844 853 ut
859 793 1171 855 doieremus
1188 796 1351 875 quid·

142 902 318 966 quam
336 878 442 942 effe
464 901 538 941 ex
569 882 682 941 inis
702 881 974 962 reliquiis,
998 882 1151 963 quod
1166 881 1353 945 videre

141 968 445 1053 poss'etnus.
489 972 632 1030 hanc
648 984 832 1029 tamen
863 970 1170 1031 auetionem
1200 973 1353 1030 here-

143 1058 246 1121 des
263 1057 540 1119 L.Rubfii
555 1056 778 1118 decreto
795 1056 1042 1117 Caesaris
1060 1058 1354 1137 prohibue-

144 1161 306 1207 runt.
354 1145 610 1204 haerebat
631 1142 855 1205 nebulo.
903 1146 1021 1225 quo
1043 1142 1097 1203 se
1118 1156 1360 1205 verteret

147 1250 276 1295 non
287 1232 550 1291 habebat.
595 1231 734 1311 quin
756 1234 842 1291 his
855 1230 985 1314 ipfis
1016 1233 1359 1311 temporibus

151 1320 316 1383 domi
347 1316 589 1377 Caesaris
618 1316 897 1399 percussor
926 1320 992 1380 ab
1030 1316 1130 1380 isto
1153 1316 1365 1397 miffus,

152 1403 526 1489 deprehensus
555 1404 836 1466 dicebatur
861 1402 967 1466 esse
987 1425 1109 1467 cum
1134 1402 1235 1465 fica
1255 1427 1273 1465 ι
1297 1404 1366 1467 de

153 1513 280 1575 quo
299 1491 498 1553 Caesar
521 1494 582 1553 in
596 1491 810 1563 senatu,
833 1509 1022 1575 aperte
1036 1494 1095 1553 in
1119 1508 1175 1553 te
1206 1494 1367 1553 inve.

153 1585 328 1658 hena,
361 1576 576 1660 questus
599 1578 694 1642 est.
743 1574 1107 1661 proficiscitur
1146 1581 1207 1639 in
1240 1574 1368 1640 His·-

161 1670 394 1751 paniam
425 1665 646 1743 Caesar,
689 1670 879 1748 paucis
914 1668 1015 1727 tibi
1046 1665 1115 1727 ad
1152 1665 1373 1727 solven-

161 1755 326 1832 dum,
348 1770 580 1837 propter
595 1756 842 1837 inopiam
857 1770 1031 1829 tuam,
1058 1756 1373 1835 prorogatis

163 1842 389 1903 diebus·
445 1860 520 1901 ne
553 1857 671 1901 tum
702 1841 929 1922 quidem
957 1838 1215 1920 sequeris.
1263 1856 1377 1900 tam

163 1932 356 1992 bonus
371 1926 646 2010 gladiator
659 1928 850 1989 rudem
863 1944 978 1989 tam
1000 1928 1115 1988 cito
1146 1922 1379 2006 accepis-
1417 1970 1421 1974 -

87 2035 146 2083 30
165 2020 246 2079 ti?
385 2022 556 2078 Hunc
571 2017 740 2093 igitur
756 2012 1067 2095 quisquam,
1083 2016 1179 2094 qui
1196 2010 1381 2077 insuia

173 2106 453 2188 partibus„
467 2102 524 2162 id
539 2101 698 2177 est,in
718 2100 826 2162 suis
841 2102 1085 2162 fortunis
1103 2116 1216 2161 tam
1234 2102 1385 2162 timi-

171 2193 284 2255 dus
301 2191 490 2265 fuerit,
502 2186 845 2270 pertimescat
854 2188 1155 2269 ?profe6tus
1172 2184 1245 2247 est
1259 2204 1385 2248 tan-

172 2280 307 2343 dem
335 2276 636 2358 aliqnando
653 2276 713 2336 in
743 2273 1098 2357 Hispaniam:
1131 2271 1219 2334 sed
1236 2289 1387 2351 tuto,

175 2384 244 2429 ut
258 2366 648 2446 ait‚pervenire
663 2382 780 2422 non
799 2364 1251 2443 potuit.quonam
1268 2382 1392 2421 mo-

182 2454 264 2517 do
295 2455 468 2532 igitur
495 2449 785 2511 Dolabelia
813 2448 1111 2531 pervenit?
1144 2463 1238 2507 aut
1270 2462 1393 2507 non

185 2538 530 2625 suscipienda
543 2537 650 2601 fuit
663 2535 760 2599 ista
787 2534 973 2616 causa,
1000 2536 1250 2597 Antoni:
1276 2546 1399 2607 aut,
