1742 3067
335 188 406 251 34
505 179 609 235 IN
660 179 746 235 M.
787 180 1367 236 ·ANTON1UM

337 278 578 358 Lepido,
623 286 693 339 C.
731 276 943 356 Pisoni,
990 286 1077 340 M.
1112 281 1437 356 Glabrioni,
1474 286 1557 341 L.

340 365 627 439 Volcat10‚
659 371 730 426 C.
747 366 970 443 Figulo,
986 375 1063 428 D.
1082 368 1293 441 Silano,
1330 374 1399 427 L.
1418 373 1557 426 Mu·-

343 472 531 525 reuae,
559 453 798 529 quitum
833 470 993 513 erant
1025 452 1277 513 consules
1304 452 1556 530 designa-

345 541 422 597 tit
449 536 650 617 placuit
663 538 829 613 idem,
861 539 1015 618 qnod
1032 538 1431 613 consularibus„
1462 545 1555 598 M.·

349 625 588 683 Catoni:
621 626 868 703 quicum
884 625 1081 700 multa,
1118 627 1237 685 vitai
1252 626 1561 699 excedens3

348 709 620 792 providit,
675 724 792 769 turn
831 711 987 790 qnod
1024 727 1081 771 te
1133 710 1409 771 consulem
1430 726 1585 770 non·

349 797 515 858 vidit.
583 798 824 860 maxime
869 818 1008 857 vero
1050 796 1393 857 consulatum
1437 818 1562 857 me·

353 904 450 945 um
482 887 596 943 Cn.
615 885 909 963 Pompeius
940 885 1217 964 probavit,
1260 886 1355 961 qui
1382 898 1445 942 ut
1468 903 1567 943 me

353 970 593 1051 primum
623 968 891 1029 decedens
914 991 991 1029 ex
1018 972 1171 1049 Syria
1198 969 1363 1045 vidit,
1400 990 1565 1029 com-

354 1055 552 1139 plexus
567 1071 624 1114 et
638 1056 945 1133 gratulans,
964 1077 1091 1117 meo
1104 1054 1373 1117 beneficio
1388 1057 1565 1136 patri·

357 1163 450 1203 am
463 1140 516 1201 se
529 1140 772 1201 visurum
785 1141 889 1201 effe
902 1142 1069 1203 dixit.
1114 1141 1203 1201 sed
1220 1142 1357 1222 quid
1378 1140 1569 1220 fingu-

357 1228 450 1289 los
463 1231 870 1289 commemoro?
896 1228 1323 1308 frequentiffimo
1353 1226 1573 1288 senatui

361 1314 436 1375 fic
449 1316 672 1396 placuit,
695 1314 909 1377 uteffet
936 1336 1127 1389 neme,
1148 1316 1244 1395 qui
1267 1316 1403 1373 mihi
1418 1334 1573 1390 non,

363 1416 430 1459 ut
451 1403 690 1481 parenti,
711 1402 913 1479 gratias
930 1418 1147 1479 agerem
1171 1403 1405 1481 quinon
1428 1403 1591 1459 mihi.

365 1490 536 1547 vitam
551 1485 722 1561 suam,
737 1487 967 1562 liberos„
984 1487 1259 1561 fortunas,
1276 1486 1578 1567 rempubli·
1662 1555 1669 1562 ,

357 1572 730 1633 mim-escun
743 1589 1043 1653 acceptam.
1174 1574 1275 1633 Sed
1304 1574 1577 1652 quoniam
1599 1594 1632 1637 6

367 1660 505 1736 iuis,
525 1680 670 1739 quos
697 1662 1010 1735 nominavi,
1034 1676 1121 1719 tot
1136 1680 1199 1720 ac
1214 1660 1411 1721 talibus
1435 1660 1579 1718 viris

367 1742 670 1826 respublica
682 1749 879 1807 orbata
892 1746 987 1806 est:
999 1749 1285 1807 veniamus
1300 1746 1367 1805 a'd
1383 1746 1580 1819 vivos,

369 1834 472 1913 qui
483 1832 598 1892 duo
611 1854 642 1891 e
659 1831 931 1894 consulari
946 1852 1180 1893 numero
1196 1832 1395 1913 reliqui
1420 1829 1575 1890 sunt.

371 1926 446 1979 L.
467 1922 747 1992 Cotta,vir
763 1917 977 1980 summo
992 1918 1580 1997 ingenio5summaque

372 2005 689 2084 prudentia,
712 2008 873 2065 rebus
890 2009 959 2065 iis
974 2004 1297 2085 gestis,quas
1312 2021 1371 2064 tu
1388 2023 1579 2083 repte-

367 2091 592 2164 hendis,
631 2090 1084 2172 supplicationem
1104 2092 1355 2151 'decrevit
1390 2092 1580 2151 verbis

372 2177 730 2257 ampliffimis:
769 2181 931 2258 eique
959 2180 1034 2239 illi
1066 2177 1183 2258 spfi,
1228 2194 1372 2259 quos
1398 2176 1580 2235 modo

371 2264 689 2337 nominavi,
709 2265 1044 2341 consulares,
1066 2264 1385 2343 senatusque
1406 2282 1581 2321 otme-

375 2366 468 2410 tus
482 2348 720 2409 assensus
743 2350 837 2411 est.
882 2354 981 2431 qui
1014 2356 1199 2411 honos
1230 2348 1349 2431 post
1376 2348 1576 2407 eondi-

375 2453 490 2497 tam
512 2438 656 2495 hanc
673 2440 860 2497 urbem
892 2440 1111 2497 habitus
1126 2436 1201 2497 est
1226 2452 1421 2515 togato
1442 2450 1579 2493 ante

374 2543 464 2585 me
479 2524 708 2585 nemini.
757 2530 826 2584 L.
845 2522 1067 2603 Caesar,
1096 2524 1405 2587 avunculus
1420 2537 1575 2599 tuus,
