1742 3067
404 206 480 265 40
558 192 669 245 IN
724 190 811 245 Μ.
866 187 1450 243 ANTONIUM

400 293 799 371 quihominem
832 285 1131 361 occidisset,
1173 308 1298 347 cum
1321 286 1450 347 effet
1469 288 1600 367 iegi-

398 383 503 437 bus
518 376 759 457 quaestio
784 372 1412 453 constitutaiquaefitum
1429 374 1504 435 est
1519 392 1598 433 ta·

400 484 551 523 men.
601 460 751 541 quod
770 480 928 539 erge,
951 481 1076 520 cum
1101 480 1188 518 res
1203 460 1488 536 agebatur,
1505 481 1598 522 ne·

400 570 497 609 mo
526 552 587 607 in
620 568 707 607 me
726 548 906 617 dixit;
931 546 988 605 id
1013 560 1098 605 tot
1119 548 1282 605 annis
1313 545 1436 625 post
1455 564 1526 607 tu
1541 568 1598 607 es

399 638 687 707 inventus,
706 635 803 713 qui
817 633 1055 691 diceres?
1081 632 1232 711 quod
1253 652 1391 692 vero
1421 633 1600 693 dicere

398 719 559 779 ausus
574 721 657 793 es',
680 718 847 797 idque
858 718 1048 777 multis
1069 720 1276 792 verbis,
1297 738 1470 797 opera
1485 740 1600 779 m

398 808 725 886 Pompeium·
751 826 782 863 a
812 802 1060 862 Caesaris
1097 806 1336 863 amicitia
1365 803 1473 863 effe
1495 804 1600 865 dis-

393 892 673 969 junctum,
696 894 771 950 ob
786 910 1016 967 eamque
1047 888 1260 949 causam
1295 910 1414 948 mea
1441 890 1600 971 culpa

398 977 563 1037 civile
590 977 791 1035 belium
818 976 924 1035 effe
946 990 1163 1047 natum,
1199 978 1260 1033 in
1289 996 1358 1034 eo
1389 996 1516 1035 non
1541 992 1600 1035 tu

396 1064 619 1142 quidem
636 1078 755 1121 tota
778 1082 857 1135 re,
883 1060 996 1137 sed,
1017 1060 1168 1140 quod
1184 1060 1492 1121 maximum
1505 1061 1599 1137 est,

398 1151 743 1228 temporibus
768 1147 974 1208 errasti.
1075 1152 1080 1157 ’
1107 1153 1232 1223 Ego
1263 1153 1349 1205 M.
1375 1148 1600 1223 Bibulo,
1622 1162 1660 1195 ¹⁰

396 1233 839 1315 praestantissimo
854 1235 1000 1307 ci've,
1024 1232 1268 1306 consule,
1281 1232 1424 1291 nihil
1441 1255 1598 1313 prae-

396 1319 615 1393 termifi,
641 1335 908 1398 quantum
937 1318 1112 1377 faeere
1139 1320 1386 1397 enitique
1417 1324 1601 1399 potui,

396 1412 533 1486 quin
552 1407 867 1485 Pompeium
893 1426 924 1463 a
939 1403 1180 1463 Caesaris
1203 1406 1601 1481 conjunctione

395 1513 723 1552 avocaretn.·
750 1492 810 1549 in
842 1510 958 1569 quo
987 1488 1186 1549 Caesar
1213 1490 1320 1549 fuit
1357 1490 1594 1553 felicior.

396 1578 507 1655 ipse
522 1580 669 1637 enirn
686 1579 1004 1656 Pompeium
1027 1598 1060 1635 a
1081 1596 1200 1635 mea
1222 1576 1596 1637 familiaritate
1685 1563 1687 1635 4

392 1665 688 1742 disjunxit.
745 1662 930 1743 postea
961 1682 1098 1721 vero
1129 1682 1298 1741 quam
1323 1660 1376 1721 se
1407 1679 1594 1725 totum
1685 1674 1687 1743 Q

392 1752 685 1830 Pompeius
718 1748 932 1807 Caesari
953 1748 1200 1823 tradidit,
1221 1748 1356 1827 quid
1387 1750 1592 1827 ego-il·

386 1839 503 1897 lum
525 1840 591 1895 ab
614 1856 681 1895 eo
704 1833 994 1895 distrahere
1015 1837 1273 1894 conarer?
1307 1834 1452 1895 stulti
1475 1853 1596 1897 erat

392 1923 629 2001 sperare:
656 1920 873 1993 suadere
887 1922 1245 2000 impudentis,
1273 1920 1386 1981 duo
1403 1938 1594 1983 tamen

391 2020 641 2088 tempora
656 2007 990 2081 inciderunt,
1014 2010 1210 2087 quibus
1231 2006 1440 2085 aliquid
1453 2030 1593 2069 con·

342 2144 347 2149 .
390 2111 477 2155 tra
492 2092 775 2152 Caesarem
806 2093 1068 2171 Pompeio
1089 2090 1363 2152 suaserim.
1407 2113 1474 2153 ea
1495 2116 1594 2155 ve·

388 2182 487 2241 lim
502 2178 890 2258 reprehendas,
903 2176 940 2236 fi
957 2194 1116 2258 potes
1125 2198 1410 2249 .unum,ne
1423 2182 1593 2257 quin-

386 2267 618 2346 quennii
640 2265 928 2343 imperium
945 2263 1156 2323 Caesari
1173 2280 1590 2344 prorogaretur.

386 2353 641 2423 aiterum,
666 2371 737 2410 ne
768 2365 1045 2429 pateretur
1076 2350 1228 2424 ferri,
1251 2365 1312 2407 ut
1347 2348 1594 2411 absentis

387 2440 505 2515 ejus
522 2439 665 2496 ratio
680 2438 991 2495 haberetur.
1039 2456 1281 2515 quorum
1316 2433 1355 2493 fi
1373 2450 1591 2497 utrum-

376 2526 471 2593 ,νίς
499 2520 890 2603 persuafiffem
932 2524 1000 2585 in
1031 2526 1132 2587 has
1153 2518 1399 2587 miserias
1437 2542 1588 2611 uuus
