1742 3067
402 166 474 222 72
585 154 690 209 IN
738 154 823 210 M.
876 148 1425 209 ANTONIUM

397 275 527 317 oum
541 253 867 335 suscepisses,
890 252 1231 314 defendenda
1244 250 1413 333 usque
1428 249 1497 313 ad
1512 270 1619 313 ex-

399 356 660 403 tremum.
709 359 792 401 ter
807 342 1148 421 depugnavit
1172 338 1508 401 Caesareum
1534 340 1619 400 ci·

398 431 589 505 vibu8‚
631 431 690 487 in
727 436 785 487 T
788 427 1026 501 heffalia‚
1040 503 1049 507 -
1064 427 1274 500 Africa,
1312 425 1613 507 Hispania.

395 518 656 577 omnibus
673 514 828 575 affuit
846 516 933 573 his
956 516 1159 595 pugnis
1181 512 1469 573 Dolabella
1484 536 1508 574 ε
1548 517 1611 575 in

395 600 743 683 Hispanienfi
769 604 933 661 etiam
962 600 1167 661 vulnus
1201 601 1433 681 accepit.
1480 598 1611 661 fide

395 710 522 752 meo
531 688 744 769 -judicio
761 691 977 767 quaeris
992 710 1008 747 ε
1034 686 1263 747 nollem.
1310 685 1399 747 sed
1414 702 1609 749 tamen

397 775 679 836 confilium
695 796 726 833 a
741 776 919 855 primo
936 772 1471 855 reprehendendum,
1486 774 1607 835 lau·

397 862 582 923 danda
597 860 924 924 constantia.
972 876 1033 921 tu
1057 882 1195 921 vero
1210 860 1345 940 quid
1368 861 1461 921 es?
1488 867 1605 923 Cn.

397 951 646 1031 Pompeii
677 948 832 1008 liberi
857 951 1095 1031 primum
1126 949 1359 1029 patriam
1383 963 1609 1029 repete·

395 1037 553 1097 bant.
600 1034 712 1095 esto
734 1058 750 1095 ε
796 1034 963 1095 fuerit
995 1039 1130 1097 haec
1167 1036 1405 1116 partium
1443 1033 1606 1096 causa

395 1124 733 1185 communis.
794 1125 1117 1203 repetebant
1151 1137 1429 1203 praeterea
1468 1121 1605 1183 deos

394 1211 629 1290 patriOS,
651 1229 797 1285 arae,
825 1209 1010 1287 focos,
1031 1210 1200 1269 larem
1224 1206 1377 1267 suum
1400 1207 1605 1269 famili·

395 1316 576 1357 arem:
597 1297 656 1355 in
673 1315 811 1375 quae
828 1312 889 1355 tu
906 1294 1202 1357 invaseras.
1226 1297 1359 1355 haec
1372 1316 1504 1355 cum
1520 1316 1602 1356 re*

393 1398 643 1465 peterent
659 1384 824 1442 armis
848 1384 911 1457 ii,
935 1403 1174 1463 quorum
1190 1397 1347 1443 erant
1360 1381 1601 1463 legibus·

395 1468 520 1529 etfi
506 1492 566 1529 m
583 1470 747 1529 rebus
779 1470 1121 1559 iniquissimis
1145 1469 1280 1549 quid
1304 1468 1483 1549 potest
1500 1468 1603 1531 effe

393 1557 596 1637 aequi?
623 1571 807 1616 tamen
837 1572 958 1617 erat
988 1552 1378 1639 aequissimum,
1400 1572 1603 1618 contra

395 1648 504 1704 Cn.
512 1645 760 1723 Pompeii
776 1642 981 1704 liberos
999 1650 1108 1704 Cn.
1116 1644 1363 1724 Pompeii
1378 1664 1601 1724 pugna·

394 1751 455 1790 re
469 1729 753 1790 seciorem.
797 1751 871 1789 an
890 1746 953 1789 tu
972 1733 1237 1791 Narbone
1257 1729 1475 1790 mensas
1498 1734 1603 1790 ho·

397 1814 600 1896 spitum
623 1836 1012 1893 convomeres,
1038 1816 1327 1877 Dolabella
1349 1838 1455 1897 pro
1472 1820 1601 1879 rein

396 1902 666 1981 Hispania
679 1902 1008 1965 dimicaret?
1026 1907 1132 1984 qui
1163 1924 1298 1963 vero
1330 1908 1601 1966 Narbone

1709 207 1712 264 1

399 1990 636 2049 reditus?
662 2005 716 2049 et
732 2005 915 2050 tamen
934 1990 1248 2070 quaerebat,
1278 2012 1377 2050 cur
1407 2013 1513 2070 ego
1531 2012 1603 2053 ex
1704 1976 1706 1997 Ξ

396 2074 516 2154 ipso
533 2075 694 2135 cursu
715 2092 824 2136 tam
842 2076 1019 2137 subito
1036 2076 1391 2137 revertiss'em.
1425 2099 1601 2161 expo·

397 2159 477 2219 sui
496 2182 692 2243 nuper,
717 2170 905 2222 Patres
930 2163 1247 2244 conscripti,
1273 2163 1487 2225 causam
1517 2186 1601 2225 re·

396 2246 546 2307 ditus
577 2250 705 2310 mei.
752 2249 929 2323 volui,
952 2248 991 2309 fi
1020 2250 1251 2329 postem,
1272 2253 1435 2311 etiam
1473 2267 1601 2312 ante
1700 2242 1702 2253 ²

393 2335 661 2395 kalendas
704 2342 934 2411 Januar.
968 2334 1213 2415 prodesse
1250 2337 1598 2417 reipublicae.

393 2419 701 2498 nam‚qu0d
715 2421 1318 2502 quaerebaS‚quomodo
1336 2423 1599 2484 redissem:
1698 2444 1700 2453 ·

397 2506 797 2587 primumluce‚
820 2527 943 2569 non
960 2510 1233 2573 tenebris:
1262 2509 1461 2571 deinde
1476 2531 1601 2573 cum
1696 2585 1698 2595 Ι
