1742 3067
351 147 380 192 3
392 129 425 182 6
433 145 468 192 4
705 131 752 182 0
769 131 815 181 R
830 129 877 181 A
894 131 946 181 T
964 129 991 182 1
1008 129 1055 180 0
1071 128 1121 181 N
1138 127 1181 180 Ε
1198 129 1229 178 S

347 221 477 271 nihil
495 218 768 274 statuebatis
783 239 973 280 eorum,
994 237 1117 290 quae
1132 221 1191 270 ab
1207 217 1317 287 ipsis
1332 219 1436 272 fieri
1454 217 1557 271 vel·

347 295 481 348 letis.
520 313 654 361 nunc
683 315 802 352 vero
822 317 901 351 res
924 316 985 349 eo
1012 297 1125 350 loco
1158 295 1284 356 sunt,
1320 309 1377 349 ut
1404 299 1569 350 vestro

350 375 553 426 arbitrio
569 374 713 427 liceat
731 379 873 427 vohis
888 375 1175 426 constituere
1201 375 1317 444 quid
1342 374 1535 441 placeat
1552 396 1569 428 ε

348 451 572 502 investn
588 454 718 504 enim
748 453 980 521 potestate
1010 451 1094 511 est.
1135 463 1219 504 aut
1252 454 1573 505 concordiam

348 535 449 580 una
474 545 586 579 cum
619 529 841 582 libertate
870 528 1114 596 amplecti,
1146 539 1228 579 aut
1256 521 1571 591 seditionem,

347 603 628 674 bellumque
643 608 786 659 civile
802 605 1035 673 suscipere
1054 625 1067 656 τ
1094 623 1192 674 quo
1208 606 1306 665 fiet,
1328 619 1385 656 ut
1404 609 1573 674 postea

347 693 569 751 tyranno
585 683 831 736 serviatis:
862 695 1008 752 atque
1024 684 1074 733 ln
1107 699 1183 743 eo,
1216 683 1345 751 quod
1362 685 1515 735 hodie
1540 703 1571 738 a

345 762 490 810 vobis
523 761 768 813 decretum
787 762 953 820 fuerit,
988 759 1161 826 reliqui
1178 775 1353 812 omnes
1374 775 1570 814 morta-

345 835 420 888 les
447 838 768 891 consentient.
809 855 932 906 quae
954 855 1063 888 cum
1084 837 1151 886 ita
1171 835 1281 896 sint,
1306 840 1364 906 Ρ.
1386 843 1449 889 C.
1479 857 1568 890 ne·

350 913 603 966 ceffarium
630 918 855 975 arbitror,
884 927 939 966 ut
953 915 1206 965 discordias
1232 925 1378 982 atque
1395 917 1569 968 inimi-

347 991 491 1043 citias
515 1009 708 1052 omnes,
721 1010 840 1060 quae
857 993 988 1042 inter
1004 1009 1095 1042 vos
1110 990 1329 1050 fuerunt,
1347 993 1568 1061 depona-

347 1068 432 1118 tis:
460 1081 510 1120 et
529 1070 586 1119 ad
610 1069 746 1120 illam
768 1072 1017 1136 antiquam
1040 1085 1206 1135 pacem
1225 1071 1566 1124 concordiam-

348 1161 446 1214 que
465 1147 699 1198 redeatis:
725 1146 846 1198 illud
870 1145 1039 1197 saltem
1061 1146 1307 1196 vobiscum
1326 1161 1563 1213 reputan-

347 1233 444 1282 tes,
471 1224 703 1294 quamdiu
732 1223 805 1274 illi
831 1225 883 1275 in
914 1225 1005 1274 hac
1046 1223 1243 1274 civitate
1275 1225 1559 1290 viguerunt,

349 1299 579 1368 gloriam,
600 1319 734 1370 opes,
755 1303 915 1360 urbes,
935 1301 1089 1352 socios
1112 1298 1355 1351 acceffiss'e.
1396 1301 1560 1370 postea

347 1393 472 1430 vero
506 1385 654 1447 quam
685 1377 897 1430 diffidere
930 1379 1058 1428 inter
1093 1393 1187 1428 nos
1210 1381 1363 1429 armis
1394 1381 1559 1447 coepi-

347 1471 478 1514 mus,
506 1473 607 1507 non
635 1458 782 1508 modo
813 1473 916 1506 non
950 1454 1267 1522 potentiores,
1300 1455 1377 1506 sed
1410 1455 1559 1524 longe

346 1531 619 1594 debiliores,
655 1551 746 1585 nos
771 1533 822 1584 in
845 1533 945 1583 dies
974 1531 1128 1582 factos
1166 1529 1275 1584 elle.
1316 1534 1564 1600 equidem,

343 1611 408 1661 P.
439 1615 500 1661 C.
521 1611 668 1679 usque
683 1609 802 1662 'adeo
817 1609 955 1660 nulla
970 1609 1161 1660 ratione
1174 1609 1271 1659 hoe
1284 1625 1448 1659 rerum
1470 1611 1560 1661 sta·

348 1700 407 1740 tu
416 1686 550 1756 posse
569 1689 838 1740 conservari
859 1688 1106 1738 civitatem
1136 1685 1313 1751 judico,
1341 1697 1395 1735 ut
1409 1685 1445 1735 fi
1460 1687 1562 1737 ho·

344 1765 521 1817 ‘diemo
542 1767 620 1818 ‘die
653 1767 812 1816 statim
841 1766 1028 1814 bouum
1064 1764 1331 1829 ceperimus
1362 1762 1560 1814 confili-

351 1858 456 1905 um,
480 1861 537 1895 ea
553 1844 658 1912 post
677 1844 859 1911 erigere
876 1859 931 1891 ac
949 1839 1167 1892 relevare
1186 1857 1287 1890 non
1304 1840 1560 1908 poffimus.

349 1923 562 1990 cogitate
579 1919 724 1990 q‘uam
741 1937 913 1971 verum
935 1917 1274 1987 nequod-dico,
1286 1929 1395 1967 tum
1416 1935 1561 1986 prae-

345 1996 380 2047 s
369 2000 500 2049 entia
513 2016 623 2049 cern
630 2009 893 2056 entes,tum
904 2009 1068 2048 vetera
1080 1996 1318 2045 memoria
1330 2007 1560 2062 repeten-

353 2087 446 2126 tes.
477 2076 595 2143 quid
611 2087 795 2142 agatur,
814 2089 907 2124 vos
922 2071 1007 2140 ipli
1023 2074 1214 2123 videtis.
1254 2071 1466 2137 populus
1494 2077 1559 2124 R.

346 2152 526 2203 iterum
547 2153 824 2203 distrahitur
837 2161 982 2218 atque
998 2149 1295 2216 discerpitur:
1316 2148 1371 2198 hi
1386 2165 1561 2210 unam,

341 2229 422 2280 illi
439 2229 581 2281 aliam
599 2243 789 2297 partem
809 2229 977 2278 secuti.
998 2229 1050 2276 in
1066 2227 1183 2276 duas
1198 2236 1359 2292 partes
1376 2225 1562 2276 abiere:

347 2308 448 2358 duo
465 2307 705 2358 exercitus
720 2309 770 2357 in
791 2307 906 2355 urbe
931 2302 1060 2354 sunt.
1102 2319 1215 2370 pars
1252 2301 1563 2367 Capitolium

345 2385 531 2452 capere,
547 2395 774 2452 tanquam
797 2383 913 2432 urbe
930 2399 957 2431 a
976 2379 1138 2432 Gallis
1158 2391 1315 2446 capta:
1344 2395 1460 2445 pars
1478 2379 1565 2430 fo—

341 2477 456 2513 rum
473 2461 680 2514 obfidm
693 2472 887 2530 parant,
918 2471 1153 2530 tanquam
1168 2457 1263 2510 smt
1290 2455 1568 2528 Carthagi-
