1742 3067
304 147 381 209 60
480 157 590 211 IN
642 156 728 211 Μ.
784 152 1350 211 ANTONIUM

308 256 697 335 rempublicam
728 256 1038 338 expulsam,
1065 268 1230 335 atque
1256 252 1526 317 extermi-

312 357 503 403 natam
525 342 631 403 suis
660 342 897 405 sedibus:
943 358 1010 403 ut
1029 344 1197 419 igitur
1219 342 1279 399 in
1303 339 1528 400 semini·

310 429 417 489 bus
436 428 509 489 est
524 428 683 489 causa
694 432 960 489 arborum
977 444 1032 489 et
1049 427 1313 509 stirpium,
1335 424 1406 487 fic
1419 430 1527 485 hu-

308 510 404 593 jus
421 514 779 575 luctuofiffimi
794 516 924 575 belli
940 513 1117 575 semen
1135 530 1196 573 tu
1211 512 1374 573 finisti.
1417 512 1528 571 do·

317 600 467 675 letis,
498 616 608 662 tres
632 604 909 663 exercitus
941 600 1134 681 populi
1160 601 1402 660 Romani
1432 600 1527 659 in-

318 687 606 747 terfectos:
634 688 910 750 interfecit
951 689 1256 746 Antonius.
1315 678 1528 745 defide-

320 778 454 835 ratis
485 774 798 835 clarissimos
822 778 1004 835 cives:
1031 794 1127 833 eos
1160 792 1386 853 quoque
1415 774 1526 832 eri·

322 864 444 941 puit
472 863 637 921 vobis
670 865 975 922 Antonius.
1027 861 1326 919 auctoritas
1356 859 1527 936 hujus

230 1018 235 1025 .
321 947 537 1007 ordinis
555 947 747 1006 affiifta
761 948 859 1008 est:
877 948 1072 1007 afflixit
1088 943 1530 1005 Antoniumom·

320 1034 417 1093 nia
432 1034 693 1113 denique,
708 1055 853 1114 quae
870 1034 1053 1113 postea
1065 1019 1330 1105 vidiniuS,
1357 1029 1530 1111 (quid

321 1136 506 1181 autem
524 1119 653 1178 mali
670 1141 789 1180 non
802 1121 1108 1195 vidimus?)
1137 1118 1177 1177 fi
1198 1123 1342 1178 recte
1355 1120 1530 1177 ratio-

322 1209 652 1279 cinabimur,
675 1209 769 1267 uni
788 1223 1011 1286 accepta
1029 1204 1322 1265 referemus
1341 1210 1531 1265 Anto·

322 1294 444 1353 nio.
466 1310 527 1351 ut
543 1292 757 1353 Helena
777 1294 1068 1370 Trojanis‚
1086 1291 1155 1351 fic
1169 1291 1262 1351 iste
1277 1293 1406 1351 huic
1422 1294 1532 1351 rei-

322 1378 573 1459 publicae
602 1378 759 1439 causa
778 1380 933 1452 belli,
961 1376 1122 1438 causa
1151 1377 1336 1456 pestis„
1359 1393 1532 1457 atque

321 1467 491 1526 exitii-
516 1466 642 1525 fuit.
710 1467 952 1545 reliquae
985 1480 1167 1545 partes
1207 1466 1528 1525 tribunatus

320 1553 599 1632 principio
626 1550 845 1612 ssmiles.
894 1552 1083 1612 omnia
1114 1549 1361 1631 perfecit,
1385 1570 1530 1629 quae

320 1636 565 1712 senatuS,
593 1636 739 1699 salva
761 1638 1038 1718 republica
1051 1659 1125 1697 ne
1141 1637 1259 1696 fieri
1289 1634 1529 1716 poffent,
1545 1699 1584 1729 ἢ

319 1723 641 1802 perfecerat.
690 1726 848 1803 cujus
874 1740 1059 1791 tamen
1081 1721 1250 1785 scelus
1284 1725 1344 1781 in
1360 1721 1530 1782 scele-

318 1830 381 1871 re
393 1808 731 1888 cognoscite.
866 1808 1197 1871 Restituebat
1211 1808 1419 1869 multos
1435 1830 1530 1869 ca·
1548 1816 1618 1862 23
1680 1817 1684 1825 '

320 1890 628 1958 lamitosos.
668 1899 729 1957 in
746 1899 831 1957 his
850 1898 1032 1976 patrui
1045 1895 1199 1955 nulla
1213 1896 1446 1956 mentio.
1481 1893 1527 1955 fi

319 1982 562 2043 severus:
577 2003 676 2042 cur
690 2004 808 2043 non
826 1985 888 2042 in
904 1980 1172 2043 omnesffi
1187 1980 1538 2057 misericors,

321 2090 421 2131 cur
436 2090 553 2129 non
573 2071 633 2128 in
650 2068 900 2129 suos?sed
916 2071 1119 2129 omitto
1135 2084 1404 2129 caeteros.
1424 2070 1528 2128 Li-

258 2200 263 2203 ·
317 2158 528 2215 cinium
558 2156 933 2232 Denticulam,
956 2154 1024 2215 de
1045 2154 1158 2214 alea
1185 2154 1528 2215 condemna-

318 2256 462 2315 tum,
500 2240 823 2302 collusorem
854 2240 1030 2315 suum,
1072 2240 1331 2303 restituit:
1372 2239 1528 2321 quafi

314 2348 453 2389 *reto
475 2328 664 2387 ludere
686 2350 811 2389 cum
841 2327 1215 2387 condemnato
1237 2348 1358 2387 non
1387 2328 1524 2387 lice·

318 2428 432 2474 ret:
456 2412 546 2475 sed
561 2430 647 2488 ut,
672 2415 824 2493 quod
843 2414 936 2473 ille
958 2416 1018 2472 in
1042 2413 1159 2473 alea
1189 2412 1526 2493 perdiderat,

314 2498 583 2569 bneficio
594 2500 735 2580 legio
752 2498 1086 2565 diffolveret.
1125 2518 1296 2581 quam
1311 2498 1535 2562 attulis-

1715 1128 1723 1215 1,
