1742 3067
296 184 373 263 56
469 190 577 245 IN
626 190 711 247 M.
766 188 1328 249 ANTONIUM

290 296 574 372 ¹›Reg-ypto,
600 312 763 372 quam
779 291 1030 353 domum.
1077 314 1218 373 quae
1244 311 1424 355 autem
1439 314 1504 356 e·

292 392 381 437 rat
407 378 635 440 domus?
662 378 809 440 suam
832 381 986 440 enim
1018 379 1256 461 quisque·
1269 382 1504 445 domum

290 479 411 525 tum
432 469 739 543 obtinebat,
764 486 944 547 neque
965 483 1083 527 erat
1115 466 1343 547 usquam
1377 484 1496 531 tua.

288 551 519 613 domum
536 553 693 615 dico?
726 555 859 633 quid
877 554 991 613 era‘t
1013 556 1073 613 in
1099 558 1287 631 terris,
1319 558 1413 615 ubi
1431 559 1498 617 in

286 654 389 701 tuo
404 640 599 718 pedem
614 660 849 720 poneres
854 684 875 716 ,
899 656 1114 719 praeter
1131 662 1304 701 unum
1329 642 1500 703 Mise-

282 746 445 801 num,
470 726 622 806 quod
645 748 771 788 cum
794 726 956 787 sociis
981 743 1246 806 tanquam
1279 727 1500 810 Sisapo..

284 834 415 875 nem
433 816 682 875 tenebas?
774 813 987 873 Venisti
1003 836 1034 872 e
1051 812 1230 873 Gallia
1245 813 1311 873 ad
1329 835 1502 894 quae·
1519 834 1586 867 20

282 899 486 961 sturam
516 900 828 981 petendam.
877 900 1018 960 aude
1035 901 1236 975 dicere,
1267 916 1324 960 te
1337 904 1498 981 prius

280 988 355 1048 ad
372 1004 651 1069 parentem
677 1002 830 1047 tuam
856 985 1083 1063 veniffe,
1106 1007 1271 1066 quam
1288 988 1356 1047 ad
1379 1009 1494 1051 me.

279 1096 591 1157 acceperam
622 1077 772 1135 enim
789 1076 908 1151 jam
939 1090 1069 1133 ante
1093 1072 1338 1134 Caesaris
1368 1075 1497 1135 lite·

286 1184 401 1237 raa,
418 1178 479 1221 ut
496 1164 628 1221 mihi
654 1160 897 1220 satisfieri
922 1176 1137 1241 paterer
1159 1182 1191 1219 a
1207 1176 1280 1220 te.
1303 1164 1498 1242 itaque

279 1270 355 1309 ne
370 1250 522 1329 loqui
542 1248 763 1328 quidem
780 1246 896 1306 sum
922 1263 976 1307 te
993 1247 1172 1327 paffus
1191 1248 1260 1306 de
1287 1251 1492 1325 gratia.

274 1335 461 1418 postea
476 1334 775 1394 custoditus
792 1332 909 1393 sum
925 1356 956 1392 a
971 1348 1048 1408 te,
1073 1349 1134 1392 tu
1151 1355 1182 1392 a
1197 1354 1285 1393 me
1299 1333 1492 1394 obser-

274 1438 439 1483 vatus
455 1424 513 1479 in
537 1423 808 1501 petitione
832 1419 1172 1499 quaesturae.
1217 1440 1334 1499 quo
1357 1424 1488 1501 qui-

273 1510 401 1571 dem
435 1522 681 1586 tempore
717 1515 778 1567 P.
816 1507 1098 1583 Clodium,
1139 1508 1490 1587 approbante

273 1594 485 1680 populo
504 1602 784 1669 Romano,
808 1596 868 1653 in
892 1592 1018 1654 foro
1049 1614 1106 1653 es
1132 1608 1366 1655 conatus
1383 1616 1488 1657 oc-

272 1684 480 1745 cideret
506 1702 741 1760 cumque
756 1702 876 1740 eam
907 1700 1022 1740 rem
1055 1696 1151 1740 tua
1169 1676 1368 1758 sponte
1383 1702 1486 1743 co-

270 1790 605 1845 narere,non
624 1766 857 1847 impulsu
875 1782 1208 1841 meo‚tamen
1229 1770 1307 1827 ita
1323 1790 1480 1847 prae-

272 1857 513 1927 dicabas,
544 1870 599 1913 te
618 1874 735 1913 non
750 1851 1076 1928 existimare,
1101 1852 1201 1913 nisi
1217 1855 1370 1913 illum
1389 1857 1483 1914 in-

270 1940 585 2014 terfecisses,
607 1960 853 2018 unquam
869 1941 1007 1998 mihi
1042 1960 1146 2020 pro
1181 1943 1289 2001 tuis
1315 1942 1374 2000 in
1393 1960 1486 2001 me

268 2031 491 2109 injuriis
507 2026 635 2086 satis
652 2026 753 2085 effe
773 2026 1060 2086 facturum.
1097 2029 1156 2085 in
1172 2048 1288 2107 quo
1303 2028 1481 2087 demi-

268 2139 386 2192 ror,
404 2136 501 2175 cur
518 2112 788 2173 Milonem
804 2110 1036 2190 impulsu
1053 2132 1178 2172 meo
1195 2134 1308 2175 rem
1327 2114 1482 2175 illam

266 2202 429 2283 egiss'e
444 2203 617 2273 dicas,
640 2220 767 2259 cum
784 2214 839 2259 te
854 2198 1004 2258 ultro
1021 2200 1153 2257 mihi
1179 2200 1322 2260 idem
1339 2200 1480 2261 illud

267 2290 605 2354 deferentem
648 2306 936 2365 nunquam
981 2284 1076 2345 fim
1125 2287 1478 2348 adhortatus.

266 2390 609 2461 quanquam,
626 2370 663 2432 fi
682 2374 740 2432 in
756 2392 823 2430 eo
840 2371 1306 2451 perseverares‚ad
1324 2390 1476 2433 tuam

260 2466 496 2545 gloriam
514 2482 625 2520 rem
642 2459 788 2518 illam
806 2456 992 2517 referri
1011 2458 1279 2519 malebam
1285 2480 1476 2539 ,quam

262 2552 332 2616 ad
346 2570 523 2612 meam
538 2548 785 2625 gratiam.
814 2543 1063 2625 quaestor
1077 2564 1136 2605 es
1149 2544 1347 2608 factus.
1377 2544 1478 2606 de·
