1742 3067
393 190 1037 245 PHILIPPICA
1090 192 1166 245 11.
1322 204 1391 263 33

181 292 346 351 litum
367 291 473 351 effe.
504 294 708 371 putetis
729 292 860 351 mei.
908 310 1027 349 non
1054 292 1295 348 trastabo
1326 304 1389 349 ut

103 402 108 404 ·
183 376 466 437 consulem
489 400 505 436 z
533 400 604 436 ne
619 378 710 437 ille
726 377 943 457 quidem
959 398 1047 435 me
1062 392 1123 435 ut
1138 375 1387 437 consula·

183 484 322 523 rem.
337 462 430 522 etfi
447 463 536 523 ille
553 464 710 523 nullo
727 463 893 521 modo
910 460 1216 535 consul‚vel
1237 462 1387 541 quod
1454 458 1457 461 ⁴

183 552 264 608 ita
289 552 454 623 vivit,
478 550 564 608 vel
599 550 751 628 quod
775 551 856 607 ita
884 548 1267 627 rempublicam
1290 568 1385 626 ge-

183 637 280 709 rit,
305 636 396 694 vel
413 637 564 713 quod
581 638 658 693 ita
669 636 842 695 fadius
859 634 931 694 est
946 632 1169 694 co'nsul:
1196 654 1301 711 ego
1317 633 1385 694 fi·

184 742 254 779 ne
273 720 386 779 nlla
401 720 774 781 controverfia
789 718 1109 780 consularis,
1138 724 1385 798 utigitur

183 806 584 883 intelligeretis,
629 808 846 887 qualem
886 805 997 886 ipse
1025 805 1077 865 se
1104 806 1382 867 consulem

183 892 564 971 profiteretur,
621 895 822 970 objecit
865 895 1001 951 mihi
1038 892 1383 953 consulatum

181 999 388 1039 meum.
435 981 532 1057 qui
553 980 868 1039 consulatus
882 980 1055 1038 verbo
1078 998 1256 1055 meus,
1280 986 1383 1038 Pa·

181 1079 294 1123 tres
309 1063 628 1144 conscripti,
651 1086 710 1125 re
723 1064 895 1125 vester
916 1064 1019 1123 fuit
1039 1087 1055 1126 ε
1080 1064 1215 1145 quid
1230 1068 1387 1127 enim

177 1170 288 1227 ego
301 1149 557 1210 constitui
565 1151 718 1230 ,quid
735 1150 877 1229 gesfi,
900 1149 1001 1209 nifi
1014 1172 1087 1209 ex
1102 1151 1267 1228 hujus
1282 1170 1378 1210 or-

177 1236 326 1295 dinis
345 1236 1231 1311 confilio‚au&oritate,sententia3
1244 1242 1379 1299 haec

179 1336 242 1382 tu
268 1328 444 1383 homo
475 1322 708 1403 sapiens,
731 1344 854 1383 non
883 1321 1059 1381 solum
1090 1322 1380 1402 eloqtiens,

177 1410 321 1488 apud
339 1429 460 1484 εοε,
476 1429 712 1489 quorum
727 1408 980 1481 confiEn,
1002 1407 1377 1489 sapientiaque

176 1494 321 1573 gesta
343 1493 493 1569 sunt,
517 1493 671 1555 ausus
701 1514 758 1554 es
775 1496 1111 1574 vituperare?
1138 1498 1263 1574 quis
1280 1518 1379 1556 au-

177 1598 292 1639 tem
323 1602 506 1639 meum
535 1580 899 1655 consulatum,
924 1596 1135 1659 praeter
1152 1588 1213 1640 P.
1242 1583 1377 1641 Clo·

175 1666 354 1739 dium,
376 1669 472 1745 qui
489 1668 842 1746 vituperaret,
869 1670 1133 1726 inventus
1148 1666 1257 1739 est?⁸
1278 1688 1375 1729 cu·

170 1754 266 1831 jus
283 1753 501 1830 quidem
521 1754 620 1811 tibi
637 1751 832 1827 fatum,
855 1752 1009 1812 ficuti
1027 1760 1095 1813 C.
1116 1756 1375 1829 Curioni,

176 1854 392 1899 manet:
424 1841 686 1918 quoniam
703 1838 760 1899 id
773 1839 927 1897 domi
959 1855 1084 1898 tuae
1097 1840 1190 1913 est,
1220 1840 1373 1917 quod

173 1923 283 1984 fuit
311 1925 534 1985 illorum
564 1926 781 2003 utrique
818 1923 999 1985 fatale.
1049 1946 1169 1985 non
1198 1926 1383 2005 placet
1437 1976 1443 1983 .

175 2017 264 2069 M.
291 2012 548 2071 Antonio
561 2010 877 2069 consulatus
894 2032 1070 2071 mem.
1116 2028 1171 2071 at
1187 2014 1375 2092 placu-

172 2098 220 2155 it
245 2104 309 2155 P.
329 2096 586 2167 Servilio,
610 2111 672 2153 ut
687 2117 809 2156 eum
833 2099 1069 2176 primum
1086 2100 1373 2159 nominem

172 2202 246 2243 ex
256 2182 402 2241 illius
413 2184 676 2261 temporis
689 2182 854 2241 cdnsu
861 2184 1065 2242 laribus
1071 2186 1187 2262 ,qui
1206 2205 1377 2263 prox·-

173 2270 282 2327 ime
295 2283 554 2327 mortuus·
570 2266 674 2327 est:
700 2268 905 2347 placuit
924 2277 997 2343 Q,
1018 2272 1245 2329 Lutatio
1264 2277 1373 2329 Ca-

171 2354 313 2427 tulo,
337 2355 464 2429 cuju
473 2350 718 2433 s-semper
731 2356 792 2413 in
805 2354 1207 2435 hac,republica'
1216 2358 1372 2417 vivet

173 2442 468 2502 auctoritas
485 2462 518 2497 :-
533 2440 740 2518 placuit
755 2440 970 2501 duobus
990 2441 1255 2516 Lucullis,
1282 2450 1345 2501 M
1351 2484 1377 2503 .

171 2524 402 2605 Craff0‚.
429 2524 854 2605 Qflortenfio,
896 2533 964 2587 C.
987 2528 1219 2588 Curioni
1237 2549 1268 2603 ς.
1284 2534 1387 2589 Μ..
