1742 3067
332 166 411 242 64
490 166 597 225 IN
654 165 741 222 M.
798 160 1386 223 ANTONTUM

313 270 479 345 ceffit,
503 286 589 344 ut,
620 264 847 329 Caesare
870 266 1092 345 ignaro,
1125 286 1252 327 cum
1273 266 1368 327 ille
1395 266 1530 331 effet

312 356 703 427 Alexandriae,
748 354 1018 414 beneficio
1059 356 1368 416 amicorum
1405 356 1530 433 ejus

314 443 559 521 magister
574 445 820 521 equitum
836 440 1410 500 constitueretur.tum
1427 461 1532 501 ex-

314 528 570 589 istimavit
592 526 643 587 se
662 527 757 587 suo
783 528 912 603 jure
933 548 1057 587 cum
1086 528 1294 606 Hippia
1318 529 1532 605 vivere,
1613 594 1616 597 ⁴

314 632 375 675 et
388 634 561 693 equos
578 609 869 693 vestigales
894 614 1082 691 Sergio
1098 615 1272 673 mimo
1290 614 1528 675 tradere.

314 717 435 761 tum
452 700 540 759 fibi
560 722 679 761 non
700 704 1044 779 hanc‚quam
1061 720 1215 759 nunc
1239 701 1380 759 male
1405 715 1530 759 tue-

318 806 432 863 tur,
456 785 542 847 sed
564 795 645 848 M.
670 785 885 847 Pisonis
912 788 1164 862 domum,
1195 788 1290 845 ubi
1313 789 1530 846 habita-

290 942 297 947 ,
318 892 427 949 ret,
440 874 665 952 legerat.
692 872 825 954 quid
842 893 946 950 ego
963 872 1110 933 istius
1125 871 1367 945 decreta,
1393 872 1532 951 quid

316 965 563 1041 rapinas,
608 961 743 1041 quid
780 960 1142 1020 hereditatum
1181 958 1530 1039 possessiones

318 1050 497 1121 datas,
518 1046 651 1127 quid
668 1062 878 1125 ereptas
895 1046 1198 1127 proferam?
1223 1048 1457 1123 cogebat
1473 1068 1534 1105 e-

324 1132 519 1213 gestas:
536 1135 657 1212 quc)
676 1131 725 1192 se
738 1148 980 1193 verteret
995 1154 1114 1193 non
1131 1135 1535 1193 habebatmon-

324 1222 531 1282 damni
546 1235 701 1279 tanta
716 1240 747 1278 a
765 1227 835 1279 L.
857 1221 1217 1292 Rubrimnon
1235 1238 1266 1276 a
1281 1225 1351 1278 L.
1371 1225 1532 1279 Tur·

322 1306 455 1367 selio
470 1306 747 1367 hei-editas
758 1320 984 1366 venerat
997 1305 1297 1365 =·n0nd1'1m
1321 1305 1382 1363 in
1413 1312 1504 1365 Cn
1515 1348 1530 1367 .

326 1396 577 1475 Pompeii
604 1394 811 1468 locum,
834 1392 1248 1471 multorumque
1269 1391 1533 1468 aliorum,

326 1482 425 1561 qui
454 1484 701 1555 aberant,
738 1481 1058 1559 repentinus
1087 1482 1244 1539 heres
1276 1476 1554 1539 successe--

328 1585 435 1629 rat.
480 1582 597 1633 erat
611 1570 665 1626 ei
680 1566 982 1649 vivendum
1005 1564 1288 1626 latronum
1308 1566 1445 1642 ritu,
1469 1580 1535 1627 ut

325 1669 543 1715 tantum
566 1655 807 1728 haberet,
848 1667 1120 1730 quantum
1151 1672 1340 1732 rapere
1362 1666 1535 1732 potu-

326 1740 465 1801 isset.
513 1739 601 1799 sed
630 1743 783 1815 haec,
814 1759 955 1818 quae
977 1738 1293 1801 robustioris
1319 1740 1531 1819 impro-

318 1828 507 1889 bitatis
528 1825 678 1901 sunt,
702 1828 1064 1886 omittamus:
1096 1825 1391 1905 loquamur
1420 1846 1534 1905 po·

322 1918 433 1975 tius
449 1913 517 1974 de
540 1914 859 1992 nequissimo
876 1932 1074 1989 genere
1089 1912 1352 1973 levitatis.
1379 1924 1440 1970 tu
1455 1910 1530 1972 if·

322 2004 396 2065 tis
414 2000 684 2074 faucibus,
700 1998 811 2059 istis
828 1998 1116 2072 lateribus,
1141 1998 1236 2058 ista
1252 1996 1531 2078 gladiato-

323 2091 403 2149 ria
416 2088 589 2146 totius
606 2086 859 2166 corporis
875 2083 1156 2159 firmitate,
1188 2099 1408 2145 tantum
1437 2088 1528 2145 vi·

322 2177 385 2237 ni
401 2176 461 2233 in
477 2173 711 2252 Hippiae
732 2173 942 2251 nuptiis
965 2169 1316 2245 exhauseras,
1345 2185 1410 2229 ut
1424 2172 1530 2233 tibi

322 2256 529 2323 neoeffe
545 2256 673 2317 effet
699 2260 758 2316 in
782 2256 972 2338 populi
1005 2258 1244 2315 Romani
1261 2254 1530 2335 conspec-

322 2364 383 2407 tu
410 2362 637 2406 vomere
664 2342 937 2423 postridie.
985 2343 1026 2401 ὀ
1057 2363 1173 2402 rem
1205 2342 1530 2404 non·modo

322 2432 439 2493 visu
472 2428 709 2503 foedam,
733 2427 823 2489 sed
852 2430 1020 2487 etiam
1041 2428 1234 2489 auditu
1256 2427 1530 2489 hii-inter

318 2536 577 2593 coenam,
604 2516 668 2591 ‚in
681 2513 809 2599 ipfis
822 2515 937 2577 tuis
949 2514 1284 2585 immanibuo
1299 2515 1412 2577 iuis
1427 2534 1536 2597 po·
