1742 3067
14 6 37 8 --
48 6 243 11 v———ss—
260 4 313 17 1.,-
342 6 405 11 ——v-

429 196 1057 253 PHILIPPICA
1108 196 1198 251 11.
1320 190 1392 253 61

181 300 234 359 ti
249 299 526 359 rationem
541 297 750 379 populo
765 298 1028 367 Romano
1032 318 1153 371 ‚cur
1166 316 1289 357 eum
1309 316 1391 359 re-

185 384 338 445 ffltui
355 386 666 466 oporteret?
695 384 969 445 absentem
1002 383 1167 445 credo
1190 386 1249 443 in
1266 406 1393 447 reos

187 473 447 546 relatum,
485 492 598 531 rem
630 471 834 531 indie'ta
869 469 1029 531 causa
1053 469 1355 549 judicatam
1377 494 1397 532 ε

191 558 410 619 nullum
431 556 582 617 fuisse
603 558 674 617 de
701 556 817 617 alea
847 556 967 635 lege
990 556 1291 635 judicium·
1338 560 1399 619 vi

191 642 531 726 oppress‘um,
570 659 624 702 et
659 646 860 704 armis:
904 643 1198 724 postremo,
1242 646 1399 723 quod

193 730 266 791 de
282 746 484 811 patruo
499 746 600 789 tuo
613 730 916 803 dicebatur,
950 732 1181 810 pecunia
1192 732 1399 808 judici·

193 838 293 879 um
309 816 414 877 ess'e
427 833 771 897 corruptum.
819 819 959 875 nihil
976 822 1195 877 horum.
1242 834 1299 877 at
1314 821 1403 879 vir

195 906 408 977 bonus,
433 919 489 963 et
512 904 784 983 republica
801 903 1025 983 dignus.
1052 904 1191 963 nibil
1208 902 1264 963 id
1282 908 1403 983 qui-

195 990 324 1051 dem
341 990 412 1050 ad
427 1011 574 1063 rem3
601 1010 704 1067 ego
735 1004 943 1064 tamen,
966 992 1231 1070 quoniam
1264 1012 1405 1051 con·

197 1076 523 1137 demnatum
538 1076 644 1135 ess'e
663 1096 767 1155 pro
784 1077 963 1137 nihilo
979 1080 1089 1152 vis,
1106 1076 1145 1136 fi
1160 1080 1235 1137 ita
1250 1076 1405 1153 esset,

199 1160 561 1241 ignoscerem.
585 1163 866 1223 hominem
884 1166 1135 1223 omnium
1152 1166 1405 1245 nequiffi·

197 1270 379 1323 mum,
401 1252 494 1328 qui
521 1270 639 1309 non
655 1248 927 1309 dubitaret
950 1250 1037 1309 vel
1054 1252 1113 1309 in
1144 1250 1273 1311 foro
1290 1252 1405 1312 alea

197 1336 415 1412 ludere,
439 1336 576 1413 lege,
593 1356 732 1415 quae
746 1335 820 1395 est
833 1335 903 1395 de
918 1334 1053 1410 alea,
1068 1336 1404 1398 condemna·

199 1438 326 1483 tum
347 1423 524 1502 quiin
549 1426 827 1501 integrum
851 1421 1105 1499 restituit,
1138 1424 1184 1481 is
1203 1443 1323 1483 non
1342 1444 1405 1483 a·

199 1510 492 1591 pertissime
513 1508 744 1569 studium
759 1506 913 1569 suum
944 1508 1057 1589 ipse
1072 1508 1395 1589 profitetur.
1381 1512 1403 1555 θ

198 1599 264 1656 in
291 1597 485 1655 eodem
499 1616 636 1656 vero
661 1598 966 1669 tribunatu,
988 1616 1113 1655 cum
1132 1595 1363 1656 Caesar
1347 1618 1407 1657 m

145 1681 527 1777 Hispaniam
544 1680 859 1761 proficiscen
867 1703 916 1756 s,
940 1684 1067 1741 huic
1080 1684 1413 1745 conculcan-

145 1732 332 1830 dam
364 1768 578 1828 Italiam
615 1766 945 1839 tradidiffet·
983 1788 1123 1848 quae
1154 1766 1260 1828 fuit
1286 1770 1409 1849 ejus

201 1857 518 1937 peragratio
531 1856 822 1915 itinerum?
845 1854 1097 1915 lustratio
1112 1858 1410 1935 municipi·
1432 1930 1439 1937 ·

201 1962 370 2003 orum
394 1943 415 2001 ἓ
441 1942 552 2001 scio
587 1962 674 2001 me
709 1944 770 2000 in
803 1943 962 2002 rebus
990 1942 1409 2005 celebratiffimis

197 2029 724 2092 sermone'omnium
735 2027 959 2101 versari,
975 2046 1311 2107 eaque,quae
1324 2030 1411 2089 di·

203 2136 306 2191 co,
343 2112 690 2193 dicturusque
713 2114 851 2189 sum,
890 2115 1115 2173 notiora
1146 2118 1407 2177 omnibus

207 2200 338 2277 effe,
359 2205 455 2281 qui
471 2203 532 2259 in
550 2200 710 2261 Italia
725 2218 841 2261 tum
869 2200 1039 2270 fuere,
1064 2204 1229 2279 quim
1254 2205 1413 2279 mihi,
1520 2224 1527 2231 ·

207 2292 308 2371 qui
329 2309 448 2348 non
464 2287 566 2347 fui.
613 2289 826 2347 notabo
839 2302 1025 2347 tamen
1044 2284 1281 2364 fingulas
1298 2308 1412 2349 ποετ

206 2376 306 2437 et'fi
323 2374 478 2435 nullo
491 2373 666 2433 modo
679 2375 887 2455 poterit
906 2375 1089 2435 oratio
1119 2392 1239 2432 mea
1256 2372 1415 2435 satis-³

203 2462 390 2525 facere
403 2458 610 2521 vestrae
624 2458 893 2520 scientiae.
920 2462 1122 2518 etenim
1138 2459 1293 2538 quod
1306 2472 1413 2519 un··

210 2570 384 2632 quam
395 2551 458 2609 in
479 2550 644 2609 terris
663 2560 884 2607 tantum
898 2545 1166 2625 flagitium
1182 2539 1419 2605 extitisse
