1742 3067
384 199 499 274 148
568 200 675 257 IN
722 198 809 254 M.
862 198 1426 257 ANTONIUM

382 300 581 363 fimiles
598 321 786 381 greges
804 300 1080 361 ducebant
1109 322 1206 382 per
1233 300 1420 361 forum
1443 323 1463 362 t
1489 319 1602 362 cer-

383 402 505 449 tum
524 391 759 467 agminis
778 389 964 449 locum
984 392 1247 449 tenebant
1263 390 1484 449 barbari
1511 388 1598 449 sa·

380 477 614 554 gittarii.
662 496 787 536 cum
816 491 998 535 autem
1030 490 1150 535 erat
1169 492 1401 535 ventum
1417 475 1492 535 ad
1507 496 1598 536 ae·

378 561 507 623 dem
524 562 899 638 Concordiae,
921 562 1122 641 gradus
1145 562 1596 641 complebantur,

377 649 599 709 lecticae
614 649 1061 709 collocabanturr
1087 670 1207 709 non
1226 670 1342 729 quo
1365 648 1464 709 ille
1479 648 1600 709 scu-

379 752 439 797 ta
456 737 675 796 occulta
689 734 791 795 effe
807 735 994 811 vellet,
1017 734 1108 796 fied
1123 757 1197 796 ne
1209 734 1537 812 familiares,
1558 736 1598 798 fi

376 820 534 885 scuta
562 822 660 903 ipfi
692 823 922 898 ferrent,
957 821 1301 884 laborarent.
1445 824 1596 885 Illud
1618 859 1640 904 7

376 930 517 971 vcro
542 911 880 971 teterrimum
903 914 1020 969 non
1055 909 1230 970 modo
1261 908 1480 987 auditu,
1504 908 1596 972 sed

376 998 544 1057 etiam
558 996 833 1079 adspeciu,
856 998 918 1057 in
933 996 1070 1057 cella
1088 996 1442 1057 Concordiae
1473 998 1600 1059 col-

374 1085 552 1146 locari
566 1100 806 1146 armatos
811 1083 1079 1159 ‚latrones
1084 1082 1350 1159 ,ficariost
1367 1082 1438 1143 de
1453 1098 1596 1145 tem·

378 1171 479 1253 plo
503 1182 775 1234 carcerem
796 1170 916 1231 fieri
938 1192 954 1229 ε
976 1172 1189 1249 opertis
1227 1168 1406 1231 va'lvis
1431 1178 1596 1232 Con-

375 1258 621 1334 cordiae,
644 1279 771 1319 cum
796 1261 944 1318 inter
963 1255 1210 1317 subsellia
1225 1257 1448 1317 senatus
1465 1278 1596 1319 ver-

373 1344 623 1407 sarentur
635 1346 880 1405 latrones
885 1358 1089 1425 ,patres
1107 1342 1459 1425 conscriptos
1471 1344 1596 1405 sen-

376 1435 585 1494 tentias
614 1433 813 1493 dicere.
864 1434 976 1490 huc
1011 1433 1174 1495 etiam
1205 1428 1306 1491 nifi
1337 1433 1596 1494 venirem

376 1520 608 1583 kalend.
628 1520 904 1600 Septemb.
925 1518 1112 1577 fabros
1137 1516 1190 1577 se
1204 1515 1515 1593 missurum,
1539 1535 1596 1579 et

371 1606 607 1669 domum
640 1627 818 1667 meam
848 1604 1272 1665 disturbaturum
1294 1603 1398 1665 esse
1419 1605 1592 1667 dixit.

302 1756 307 1761 ,
373 1714 577 1773 magna
607 1714 714 1769 ree,
737 1691 928 1769 crede,
959 1692 1244 1769 agebatur.
1289 1690 1360 1752 de
1381 1690 1590 1773 suppli-

378 1784 603 1847 catione
640 1780 928 1842 referebat.
971 1780 1106 1839 veni
1134 1776 1398 1858 postridie
1415 1802 1433 1838 z
1477 1778 1594 1861 ipse

376 1890 501 1930 non
530 1870 713 1929 venit.
755 1867 980 1928 locutus
1017 1864 1133 1925 sum
1161 1865 1234 1925 de
1269 1864 1590 1945 republicae

375 1957 565 2017 minus
576 1954 827 2037 equidem
842 1954 1201 2032 libere‚quam
1217 1973 1338 2012 mea
1350 1951 1589 2013 consue-

375 2043 517 2105 tudo
532 2066 550 2117 ς
570 2044 791 2103 liberius
806 2057 1016 2114 tamen,
1042 2058 1208 2119 quam
1225 2038 1456 2119 periculi
1482 2042 1600 2101 mi·

376 2151 485 2191 nae
506 2127 873 2208 postulabant.
917 2143 976 2187 at
992 2126 1084 2186 ille
1096 2128 1270 2186 homo
1290 2130 1594 2186 vehemens

378 2231 439 2277 et
452 2214 759 2290 violentus,
776 2216 875 2295 qui
891 2216 1034 2273 hanc
1049 2210 1505 2274 consuetudinem
1521 2212 1594 2273 li-

372 2307 506 2365 here
542 2301 762 2362 dicendi
798 2300 1136 2375 excluderet,
1177 2298 1416 2370 (fecerat
1437 2302 1595 2361 enim

374 2392 487 2449 hoc
502 2388 642 2447 idem
657 2389 899 2447 maxima
913 2408 1036 2447 cum
1057 2386 1220 2447 laude
1233 2392 1305 2446 L.
1325 2384 1450 2446 Piso
1463 2406 1597 2448 xxx

377 2474 568 2537 diebus
585 2488 716 2532 ante
736 2477 853 2549 me)
877 2474 1194 2533 inimicitias
1213 2473 1350 2533 mihi
1369 2472 1596 2534 denun-

376 2559 577 2622 tiavi&
602 2555 777 2620 adesse
789 2560 852 2622 in
868 2556 1058 2622 senatu
1081 2558 1234 2640 juffit
1246 2578 1300 2622 a.
1319 2556 1378 2622 d.
1395 2578 1470 2622 xr
1487 2580 1514 2625 1
1535 2580 1592 2624 r.
