1742 3067
302 202 947 261 PHILIPPICA
999 204 1078 260 11.
1229 216 1300 278 41

104 322 267 387 quam
283 302 673 366 incidiffemus.
714 320 884 386 atque
895 304 1042 365 idem
1059 326 1180 365 cum
1190 302 1311 385 jam

104 412 303 453 omnes
322 412 485 471 opes,
512 408 567 451 et
598 390 745 467 suas,
774 392 1036 472 etpopuli
1069 394 1313 451 Romani

105 482 401 559 Pompeius
431 478 498 538 ad
533 477 816 537 Caesarem
848 476 1137 552 detulisset,
1161 476 1312 537 sero·-

107 584 212 644 que
226 564 419 623 &adem
434 563 631 623 sentire
646 562 926 643 coepiss'et,
937 585 1080 643 quae
1093 586 1198 642 ego
1215 585 1314 623 arx-¹

107 666 161 709 te
180 650 363 709 multo
380 651 770 729 praevideram,
786 649 1087 729 inferrique
1105 652 1316 730 patriae

108 736 311 797 bellum
326 736 593 795 nefarium
606 737 876 809 viderem,
896 739 1047 816 pacis
1049 754 1314 811 ,concor-

109 821 671 902 diae,compofitionis
685 826 875 881 auctor
888 819 992 880 esse
1016 842 1133 882 non
1151 820 1317 880 desti·-

112 911 154 967 ti
170 930 187 968 ε
213 926 447 987 meaque
473 907 562 967 ina
593 928 711 969 vox
738 906 813 967 est
828 922 966 967 nota
979 908 1191 981 multis,
1213 908 1234 940 ‘
1249 926 1316 967 u-

110 995 130 1027 ‘
154 997 357 1067 tinam,
381 998 627 1075 Pompei,
656 1014 779 1061 cum
804 1002 875 1054 C.
899 994 1126 1055 Caesare
1143 995 1316 1053 socie-

106 1081 131 1115 ‘
154 1096 327 1140 tatem
354 1096 453 1139 aut
483 1102 765 1163 nunquam
788 1081 1004 1156 coisses,
1043 1096 1139 1140 aut
1167 1102 1318 1140 nun·

110 1168 133 1204 ⁴
156 1186 329 1246 quam
346 1166 663 1227 diremisses!
692 1167 798 1227 fuit
820 1168 1052 1227 alterum
1074 1168 1316 1245 gravita-

110 1254 131 1285 ‘
158 1254 490 1327 tis,alterum
509 1252 829 1331 prudentiae
844 1258 1014 1313 tuae.’
1029 1258 1159 1312 haec
1175 1272 1317 1328 mea,

112 1344 201 1398 M.
222 1340 464 1411 Antoni,
496 1337 701 1417 semper
714 1340 853 1399 etde
875 1341 1158 1419 Pompei0,
1182 1352 1238 1396 et
1251 1339 1322 1398 de
1433 1358 1438 1365 ·

110 1423 395 1505 republica
417 1424 641 1485 confilia
656 1426 900 1485 fuerunt.
949 1444 1090 1504 quae
1111 1422 1149 1483 fi
1167 1424 1320 1483 valu-

111 1508 315 1584 istem,
324 1510 619 1589 respublica
638 1511 841 1571 ἣκετε·
862 1526 920 1570 tu
944 1514 1054 1571 tuis
1071 1512 1318 1587 flagitiis,

110 1596 370 1677 egestate,
385 1594 631 1672 infamia,
648 1597 984 1658 concidiffes.
1073 1598 1182 1657 sed
1192 1600 1326 1657 haec

108 1699 329 1743 vetera.
362 1682 493 1741 illud
512 1704 645 1744 vero
659 1704 876 1758 recens,
897 1662 1180 1743 Caesarem
1197 1702 1323 1742 meo

114 1768 353 1830 confilio
370 1769 738 1829 interfectum.
768 1772 886 1847 Jam
901 1790 1118 1843 vereor,
1137 1776 1324 1828 Patres

111 1851 421 1932 conscripti
437 1897 456 1929 ‚
493 1874 593 1930 ne,
636 1856 790 1934 quod
825 1855 1181 1934 turpissimum
1213 1852 1288 1912 est
1301 1896 1322 1928 ,

115 1942 614 2021 praevaricatorem
630 1944 763 1999 mihi
778 1938 1079 2019 apposuiss'e
1111 1939 1323 2015 videar,

114 2029 216 2105 qui
234 2046 327 2085 me
339 2046 458 2085 non
474 2025 647 2085 solum
662 2029 798 2085 meis
815 2026 1065 2085 laudibus
1081 2040 1324 2099 ornaret,

114 2110 207 2172 sed
220 2113 387 2171 etiam
404 2127 659 2175 oneraret
672 2111 888 2171 alienis.
903 2114 1032 2191 ‘quis
1047 2114 1192 2169 enim
1210 2120 1334 2169 me*

114 2218 211 2258 um
228 2200 289 2259 in
306 2197 457 2257 istius
471 2196 823 2276 gloriofiffimi
845 2198 971 2257 sacti
994 2196 1324 2256 conscientia

120 2304 331 2344 nomen
362 2284 598 2343 audivit?
624 2285 783 2360 cujus
806 2300 1012 2356 autem,
1035 2286 1130 2361 qui
1163 2286 1222 2342 in
1253 2302 1324 2341 eo

118 2390 355 2429 numero
386 2368 583 2444 fiiiss'et,
609 2390 817 2429 nomen
848 2368 924 2428 est
941 2368 1275 2428 occultatum
1299 2367 1322 2424 ἒ

120 2457 457 2516 occultatum
474 2456 793 2532 dicoicujus
813 2476 930 2514 non
949 2454 1124 2512 statim
1141 2450 1328 2511 divul-

120 2543 335 2619 gatum?
362 2542 529 2602 citius
540 2540 775 2601 dixerim
782 2538 1006 2617 jactass’e
1021 2538 1072 2597 se
1085 2538 1328 2617 aliquos,
