1742 3067
368 162 490 209 220
541 155 642 208 ΓΝ
696 154 784 209 Μ.
836 153 1406 212 ΑΝΤΟΝῙΠΜ

376 265 577 314 rentur
590 257 652 329 ii,
674 273 821 330 quos
850 257 1183 334 oportebat:
1219 257 1472 318 steundo
1495 276 1594 316 an-

378 347 491 400 tem
506 341 656 416 loco,
680 361 755 400 ne
782 341 1010 400 alterius
1040 341 1216 404 labori
1245 343 1588 404 inviderent.

374 424 621 502 Etenim,
654 436 849 487 Patres·
859 427 1183 508 conscripti,
1205 451 1332 490 cum
1356 432 1418 489 in
1435 426 1586 512 spen:
1605 455 1640 492 u

372 505 649 574 libertatis
688 514 1112 595 sexenniopost
1142 515 1308 576 fimus
1343 517 1586 595 ingreffi,

369 593 691 680 diutiufique
698 601 1012 660 servitutem
1021 603 1440 682 perpeffi5qnam
1455 625 1586 684 cap·

368 689 477 746 tivi
494 687 636 766 frugi
652 704 707 746 et
722 687 1014 764 diligentes
1036 684 1247 748 solent:
1273 709 1418 769 quas
1431 692 1588 768 vigi·

366 766 502 848 lias,
522 794 663 852 quas
676 767 1094 849 sollicitudines,
1109 793 1258 854 quos
1271 775 1587 851 labores‚li·

362 860 603 921 beraudi
634 859 825 939 populi
867 862 1108 920 Romani
1143 858 1300 920 eausa
1335 862 1588 922 recusare

372 947 685 1008 debemus?
732 945 1010 1025 equidem,
1038 954 1236 1006 -Patres
1257 947 1584 1029 conscriptij

372 1053 693 1116 quanquam
708 1037 817 1092 hoc
830 1037 1048 1092 honore
1073 1032 1176 1108 ufi,
1197 1036 1380 1111 togati
1401 1032 1586 1096 solent

368 1119 625 1196 effe‚cum
641 1117 717 1180 est
728 1122 788 1178 in
806 1117 947 1198 figis
963 1121 1184 1180 civitas:
1195 1118 1358 1180 statui
1371 1137 1584 1197 tamen,

370 1205 938 1286 a.vobis,eaeterisque
951 1207 1168 1266 civibus
1181 1208 1242 1265 in
1259 1222 1417 1266 tanta
1431 1224 1584 1268 atro-v·-

371 1298 542 1357 citate
558 1293 846 1372 temporis,
868 1309 1138 1373 tantaque
1165 1297 1586 1371 perturbatione

371 1381 723 1462 reipublicae,
744 1401 864 1439 non
881 1378 1100 1438 differre
1121 1377 1336 1439 vestitu.
1387 1401 1512 1440 non
1525 1401 1584 1440 e·

376 1471 499 1528 nint
514 1470 593 1526 ita
613 1469 853 1544 gerimus
887 1486 996 1525 nos
1018 1468 1127 1526 hoc
1150 1465 1297 1524 bello
1327 1464 1596 1526 consulas.

368 1575 489 1629 res,
520 1569 583 1612 ut
604 1573 783 1632 aequo
814 1555 1004 1611 anitno
1033 1552 1272 1631 populus
1289 1554 1586 1612 Romanus

365 1641 593 1703 ·visurus
623 1638 687 1699 fit
718 1637 887 1698 nostri
904 1641 1140 1698 honoris
1164 1637 1430 1716 insigniat
1459 1657 1588 1699 cum

368 1732 579 1810 partim
594 1747 625 1786 e
640 1728 801 1786 nobis
817 1726 896 1784 ita
925 1725 1104 1785 timidi
1127 1723 1254 1799 fiat,
1277 1740 1344 1783 ut
1357 1743 1585 1786 omnem

368 1815 570 1899 populi
611 1815 847 1874 Romani
879 1811 1274 1872 beneficiorum
1319 1812 1584 1872 memori·

378 1924 469 1962 am
485 1901 814 1980 abjecerint-2
842 1902 1043 1978 partim
1073 1900 1150 1956 ita
1171 1920 1203 1957 a
1217 1898 1500 1975 republica
1529 1918 1588 1956 aa·

368 1989 541 2062 -verfi,
573 2002 634 2046 ut
658 1986 710 2045 se
740 1984 877 2044 hosti
912 1984 1096 2044 favere
1129 2005 1262 2065 prae
1285 1982 1340 2043 se
1361 1983 1586 2043 ferant:

378 2075 597 2152 legatos
640 2069 855 2131 nostros
889 2073 958 2129 ab
999 2072 1256 2130 Antonio
1301 2069 1588 2151 despefitos

364 2161 517 2236 effe,
553 2176 611 2220 et
639 2156 825 2218 irrisos
864 2157 1022 2216 facile
1062 2159 1346 2236 patiantur
1373 2179 1390 2214 ε
1438 2155 1588 2232 lega·

364 2264 501 2308 ·.tum
539 2247 779 2304 Antonii
816 2242 1152 2302 sublevatum
1188 2242 1389 2301 velint.
1438 2244 1591 2300 hunc

379 2335 529 2394 enim
552 2331 731 2390 reditu
752 2329 822 2389 ad
844 2333 1160 2389 Antonium
1189 2329 1476 2407 prohiberi
1493 2347 1593 2386 ne·

380 2420 587 2495 gabant
607 2430 886 2495 oportere,
915 2431 970 2474 et
999 2417 1060 2473 in
1089 2415 1286 2474 eodem
1307 2416 1591 2496 excipien-

374 2503 457 2564 do
472 2499 796 2563 sententiam
811 2520 991 2562 meam
1005 2501 1590 2584 corrigebant.quibus
