1742 3067
353 188 1004 248 PHILIPPICA
1055 188 1135 243 v.
1251 184 1356 258 1⁶5

144 293 217 357 li.
262 292 550 355 non-enim
580 290 839 352 omnibus
868 288 1050 369 Syllae
1065 287 1222 350 causa
1236 310 1361 369 gra·

150 396 235 443 ta.
284 379 525 441 declarat
556 376 859 439 multitudo
895 374 1361 457 proscriptorum,

151 483 249 529 tot
258 466 697 547 municipiorum
710 466 984 525 maximae
997 462 1337 525 calamitates
1345 508 1362 527 .

154 552 359 615 Caesar
378 567 561 613 autem
582 554 749 611 annia
770 550 958 611 multis
979 552 1189 627 minor,
1209 566 1366 611 vete-

154 660 355 716 ranos,
382 641 664 721 cupientes
675 638 793 718 jam
808 636 1166 718 requiescere,
1185 658 1365 699 arma·

154 731 281 791 vitr
304 746 423 789 eam
446 728 769 808 complexus
792 723 865 784 est
880 723 1272 804 causam‚quae
1285 725 1366 786 es·

158 814 245 877 set
260 814 497 890 senatui,
522 834 665 893 quae
694 811 930 893 populo»,
967 831 1112 891 quae
1140 816 1370 873 cunctae

161 900 382 978 ltaliae,
408 919 551 982 quac
570 899 680 960 diis
694 901 954 959 omnibus
967 898 1282 977 gratiffima.
1314 914 1374 961 et

162 990 461 1069 Pompeius
478 984 549 1047 ad
580 981 653 1047 L}
670 986 847 1066 Syllae
868 988 1172 1047 maximum
1197 988 1370 1068 impe·

163 1077 336 1150 rium,
380 1076 758 1153 victoremque
792 1076 1096 1135 exercitum
1129 1076 1372 1135 acceffit=

169 1160 369 1223 Caesar
398 1158 453 1219 se
492 1160 565 1220 ad
600 1161 880 1221 neminem
917 1160 1216 1238 adjunxitt
1264 1160 1376 1241 ipse

166 1250 433 1332 princeps
456 1250 731 1308 exercitus
760 1246 1021 1322 faciendi,
1050 1262 1106 1307 et
1131 1247 1380 1326 praesidii

166 1334 537 1417 comparandi
556 1332 685 1395 fuit.
730 1332 827 1395 ille
854 1335 916 1393 in
942 1332 1380 1397 adversariorum

167 1425 423 1507 partibus
456 1442 645 1500 agrum
677 1422 941 1483 Picenum
972 1422 1162 1481 habuit
1192 1423 1379 1483 inimi-

168 1530 303 1575 cum
316 1531 335 1570 τ
352 1511 445 1569 hic
458 1528 529 1569 ex
546 1509 785 1569 Antonii
799 1508 1016 1585 amicis,
1044 1506 1133 1568 sed
1153 1510 1383 1571 amicio-

170 1598 331 1659 ribus
348 1595 611 1673 libertati,
641 1610 840 1657 contra
854 1603 901 1655 A
913 1596 1174 1657 ntonium
1191 1596 1384 1657 confe-

172 1685 257 1745 cit
276 1684 601 1745 exercitum.
646 1682 795 1741 illius
812 1683 1010 1763 opibus
1028 1682 1170 1762 Sylla
1188 1704 1383 1762 regna·

176 1773 293 1833 virt
320 1771 493 1849 hujus
509 1767 771 1851 praesidio
800 1770 1040 1830 Antonii
1063 1769 1384 1831 dominatus

178 1855 465 1940 oppress‘us
503 1855 600 1917 est.
654 1854 849 1917 demus
880 1857 1050 1934 igi-tur
1089 1858 1380 1937 imperium

180 1942 401 2009 Caesari
420 1965 439 2003 t
464 1941 583 2003 fine
596 1962 713 2024 quo
729 1963 815 2002 res
842 1944 1096 2002 militaris
1128 1941 1388 2003 adminis-

38 2064 51 2075 ·
179 2034 340 2107 trari,
374 2032 550 2091 teneri
564 2032 864 2104 exercituo,
896 2030 1098 2089 bellum
1121 2032 1238 2109 geri
1266 2050 1388 2092 non

180 2117 380 2201 potest.
426 2115 490 2176 fit
504 2136 609 2197 pro
636 2132 888 2199 praetore
901 2135 970 2177 eo
986 2117 1134 2195 jure,
1159 2136 1275 2195 quo
1291 2118 1392 2199 qui

181 2208 425 2287 optimo.
470 2206 790 2284 quihon08‚
814 2224 1132 2283 quanquam
1149 2202 1224 2263 est
1237 2224 1391 2284 mag·

184 2312 295 2353 nus
311 2290 391 2351 illi
407 2291 596 2366 aetati,
630 2305 811 2350 tamen
839 2289 912 2350 ad
925 2289 1284 2369 necestitatem
1302 2310 1389 2351 re·

184 2398 310 2440 rum
324 2376 708 2457 gerendarum,
736 2396 858 2437 non
873 2373 1050 2437 solum
1065 2376 1134 2436 ad
1149 2376 1392 2456 dignita·

186 2480 299 2528 tem
316 2464 487 2526 valet.
533 2465 723 2543 itaque
752 2462 843 2523 illa
866 2483 1219 2545 quaeramus,
1247 2484 1392 2547 quae

114 2579 168 2629 ¹7
184 2554 293 2617 vix
324 2552 601 2615 hodierno
622 2552 713 2615 die
740 2549 1159 2631 consequemur.
1289 2548 1393 2611 Sed
