1742 3067
391 203 1029 264 PHILIPP1CA
1074 209 1236 262 XIV.
1295 222 1422 282 345*

194 305 349 385 gredi
364 307 562 370 debent
578 309 656 367 illi
674 308 765 389 ipfi
786 309 948 388 h'uJus
968 309 1116 367 urbis
1137 305 1396 370 liberato·-

193 414 304 469 τες,
333 414 456 454 cum
472 395 721 454 hesterno
750 396 839 455 die
854 410 1080 475 propter
1095 413 1285 452 eorum
1304 389 1392 454 rea

190 479 362 556 gestas
385 501 473 539 me
496 498 756 540 ovantem
780 496 834 538 et
853 499 1026 560 prope
1050 481 1392 559 triumphan—

187 579 321 640 tem,
361 567 597 646 populus
633 569 920 625 Romanus
958 567 1017 624 in
1055 563 1392 644 Capitolium

186 649 360 710 domo
386 651 591 724 tulerit,
615 651 838 710 domum
854 651 982 709 inde
1000 651 1304 710 reduxerit?
1340 653 1390 710 is

186 738 338 795 enim
355 736 571 795 demum
594 735 691 809 est,
716 757 835 795 mea
854 735 1075 816 quidem
1095 733 1389 811 sententia,

180 820 357 897 justus
384 822 692 900 triumphus
718 842 779 882 ac
802 843 996 881 verus:
1023 841 1146 880 cum
1164 823 1302 880 bene
1320 821 1388 881 de

185 906 463 985 republica
478 909 685 965 meritis
712 905 1078 966 testimonium
1100 927 1130 963 a
1152 905 1386 966 consen-

184 989 243 1050 su
262 995 502 1052 civitatis
515 993 697 1052 datur.
746 1013 875 1052 nam
899 991 1080 1051 fivein
1105 995 1386 1052 communi

184 1078 385 1154 gaudio
397 1079 587 1159 popuii
602 1080 839 1138 Romani
852 1081 946 1136 uni
959 1078 1387 1156 gratulabantur,

180 1164 719 1241 magnumjudicium
738 1187 752 1223 ε
779 1163 888 1223 five
902 1167 1106 1242 g'ratias
1123 1166 1383 1241 agebant,
1455 1171 1468 1178 ’

178 1269 251 1308 eo
268 1251 475 1329 majusa
498 1248 606 1308 five
630 1265 944 1328 utrumque,
975 1249 1112 1307 nihil
1127 1247 1408 1328 magnifiz*

172 1338 394 1394 centius
410 1337 722 1412 excogitari·
739 1334 936 1414 potest.
985 1348 1044 1392 tu
1079 1337 1249 1411 igitur
1265 1333 1380 1413 ipse
1405 1363 1414 1372 ·

176 1418 245 1478 de
264 1421 345 1479 te?
372 1420 571 1479 dixerit
589 1417 876 1499 quispiam.
924 1435 980 1478 et
997 1421 1214 1498 quidem
1233 1421 1378 1480 invi?-

115 1539 125 1545 -
175 1503 306 1564 tuat
334 1502 423 1564 sed
440 1507 675 1583 injuriae
700 1506 863 1564 dolor
879 1505 1010 1565 facit
1031 1527 1142 1579 me,
1167 1522 1380 1585 praeter

172 1590 647 1664 consuetudinem,
670 1588 992 1668 gloriosum.
1039 1611 1232 1651 nonne
1249 1590 1378 1650 satis

170 1675 248 1736 est
264 1679 329 1737 ab
345 1679 533 1737 homin
541 1679 659 1735 ibus
674 1678 898 1737 virtutis
922 1679 1129 1756 ignaris
1145 1678 1377 1754 gratiam

169 1765 313 1822 bene
342 1765 679 1823 merentibus
710 1784 830 1823 non
853 1763 1076 1822 referri?
1113 1766 1278 1822 etiam
1301 1763 1377 1821 in

168 1869 291 1922 eoa,
312 1852 408 1927 qui
432 1869 623 1907 omnes
647 1847 769 1908 suas
792 1869 948 1907 curas
973 1849 1030 1906 in
1048 1849 1376 1927 reipublicae

166 1931 339 2004 salute
354 1934 620 2010 defigunt,
642 1937 849 1993 crimen
867 1933 1185 2013 invidiaque
1205 1955 1376 2014 quae·

166 2023 346 2079 retur?
380 2019 527 2079 scitis
542 2022 693 2078 enim
716 2040 815 2099 per
830 2023 942 2078 hos
963 2020 1077 2077 dies
1093 2019 1377 2080 creberri-

164 2125 318 2164 mum
336 2103 487 2164 fuiffe
509 2103 922 2178 sermonem,me
938 2105 1110 2183 pridie
1128 2104 1374 2182 Vinalia,

164 2194 265 2268 qui
286 2185 402 2250 dies
424 2192 592 2250 hodie
625 2191 719 2264 est,
743 2189 1124 2250 cnm³fascibus
1150 2190 1372 2251 descen·

162 2273 370 2336 surum.
418 2279 475 2334 in
502 2277 749 2355 aliquem
768 2275 946 2335 credo
972 2277 1078 2334 hoc
1099 2277 1370 2352 gladiato-

160 2382 301 2435 rem,
342 2377 436 2420 aut
467 2362 775 2436 latronem,
814 2378 909 2421 aut
943 2362 1238 2420 Catilinam
1270 2361 1376 2422 effe

162 2447 491 2522 confiCium5
511 2469 627 2507 non
645 2451 703 2507 in
719 2469 869 2521 eum,
887 2448 1006 2526 qui,
1029 2468 1098 2506 ne
1113 2448 1246 2526 quid
1264 2447 1376 2508 tale

154 2535 519 2617 inrepublica
538 2531 657 2594 fieri
684 2531 879 2613 poss'et,
905 2531 1166 2611 effecerit.
1215 2547 1402 2597 aaut.
