<?xml version="1.0" encoding="UTF-8"?>
<!DOCTYPE html PUBLIC "-//W3C//DTD XHTML 1.0 Transitional//EN"
    "http://www.w3.org/TR/xhtml1/DTD/xhtml1-transitional.dtd">
<html xmlns="http://www.w3.org/1999/xhtml" xml:lang="en" lang="en">
 <head>
  <title>
</title>
<meta http-equiv="Content-Type" content="text/html;charset=utf-8" />
  <meta name='ocr-system' content='tesseract 3.04.00' />
  <meta name='ocr-capabilities' content='ocr_page ocr_carea ocr_par ocr_line ocrx_word'/>
</head>
<body>
  <div class='ocr_page' id='page_1' title='image "./mtulliiciceroni14unkngoog_0311.png"; bbox 0 0 1742 3067; ppageno 0'>
   <div class='ocr_carea' id='block_1_1' title="bbox 439 176 1417 253">
    <p class='ocr_par' dir='ltr' id='par_1_1' title="bbox 439 176 1417 253">
     <span class='ocr_line' id='line_1_1' title="bbox 439 176 1417 253; baseline 0.004 -21"><span class='ocrx_word' id='word_1_1' title='bbox 439 176 1074 237; x_wconf 75' lang='lat' dir='ltr'>PHILIPPICA</span> <span class='ocrx_word' id='word_1_2' title='bbox 1126 182 1417 253; x_wconf 75' lang='lat' dir='ltr'>X11.301</span> 
     </span>
    </p>
   </div>
   <div class='ocr_carea' id='block_1_2' title="bbox 213 278 1417 513">
    <p class='ocr_par' dir='ltr' id='par_1_2' title="bbox 213 278 1417 513">
     <span class='ocr_line' id='line_1_2' title="bbox 213 278 1415 360; baseline 0.002 -23"><span class='ocrx_word' id='word_1_3' title='bbox 213 279 408 360; x_wconf 82' lang='lat' dir='ltr'>populi</span> <span class='ocrx_word' id='word_1_4' title='bbox 425 280 664 340; x_wconf 82' lang='lat' dir='ltr'>Romani</span> <span class='ocrx_word' id='word_1_5' title='bbox 680 278 931 339; x_wconf 76' lang='lat' dir='ltr'><strong>libertate</strong></span> <span class='ocrx_word' id='word_1_6' title='bbox 944 294 998 338; x_wconf 88' lang='lat' dir='ltr'>et</span> <span class='ocrx_word' id='word_1_7' title='bbox 1015 278 1183 339; x_wconf 84' lang='lat' dir='ltr'>salute</span> <span class='ocrx_word' id='word_1_8' title='bbox 1202 282 1415 359; x_wconf 78' lang='lat' dir='ltr'>reipub·</span> 
     </span>
     <span class='ocr_line' id='line_1_3' title="bbox 213 364 1415 439; baseline -0.001 -13"><span class='ocrx_word' id='word_1_9' title='bbox 213 367 376 438; x_wconf 67' lang='lat' dir='ltr'>liene,</span> <span class='ocrx_word' id='word_1_10' title='bbox 399 368 565 425; x_wconf 82' lang='lat' dir='ltr'><strong>nimis</strong></span> <span class='ocrx_word' id='word_1_11' title='bbox 583 364 816 439; x_wconf 66' lang='lat' dir='ltr'>feroces»,</span> <span class='ocrx_word' id='word_1_12' title='bbox 839 381 897 423; x_wconf 89' lang='lat' dir='ltr'>et</span> <span class='ocrx_word' id='word_1_13' title='bbox 918 364 985 425; x_wconf 86' lang='lat' dir='ltr'>ad</span> <span class='ocrx_word' id='word_1_14' title='bbox 1006 364 1150 424; x_wconf 79' lang='lat' dir='ltr'>suam</span> <span class='ocrx_word' id='word_1_15' title='bbox 1169 370 1281 425; x_wconf 88' lang='lat' dir='ltr'>vim</span> <span class='ocrx_word' id='word_1_16' title='bbox 1300 388 1415 425; x_wconf 87' lang='lat' dir='ltr'>om·</span> 
     </span>
     <span class='ocr_line' id='line_1_4' title="bbox 215 449 1417 513; baseline 0.002 -2"><span class='ocrx_word' id='word_1_17' title='bbox 215 453 311 512; x_wconf 82' lang='lat' dir='ltr'>nia</span> <span class='ocrx_word' id='word_1_18' title='bbox 346 452 530 511; x_wconf 85' lang='lat' dir='ltr'>nostra</span> <span class='ocrx_word' id='word_1_19' title='bbox 565 449 787 512; x_wconf 79' lang='lat' dir='ltr'><strong>consilia</strong></span> <span class='ocrx_word' id='word_1_20' title='bbox 824 472 1170 511; x_wconf 76' lang='lat' dir='ltr'>revocantes,</span> <span class='ocrx_word' id='word_1_21' title='bbox 1216 456 1417 513; x_wconf 81' lang='lat' dir='ltr'>horum</span> 
     </span>
    </p>
   </div>
   <div class='ocr_carea' id='block_1_3' title="bbox 123 540 1435 617">
    <p class='ocr_par' dir='ltr' id='par_1_3' title="bbox 123 540 1435 617">
     <span class='ocr_line' id='line_1_5' title="bbox 123 540 1435 617; baseline 0.005 -26"><span class='ocrx_word' id='word_1_22' title='bbox 123 584 132 591; x_wconf 95' lang='lat'>.</span> <span class='ocrx_word' id='word_1_23' title='bbox 213 558 324 616; x_wconf 87' lang='lat' dir='ltr'>ego</span> <span class='ocrx_word' id='word_1_24' title='bbox 339 540 734 616; x_wconf 81' lang='lat' dir='ltr'>cogitationem</span> <span class='ocrx_word' id='word_1_25' title='bbox 757 556 877 595; x_wconf 86' lang='lat' dir='ltr'>non</span> <span class='ocrx_word' id='word_1_26' title='bbox 901 558 1124 597; x_wconf 78' lang='lat' dir='ltr'><strong>vereor:</strong></span> <span class='ocrx_word' id='word_1_27' title='bbox 1151 540 1435 617; x_wconf 35' lang='lat' dir='ltr'><strong>impetum·</strong></span> 
     </span>
    </p>
   </div>
   <div class='ocr_carea' id='block_1_4' title="bbox 200 622 1425 2167">
    <p class='ocr_par' dir='ltr' id='par_1_4' title="bbox 200 622 1425 2167">
     <span class='ocr_line' id='line_1_6' title="bbox 213 622 1417 705; baseline 0.001 -22"><span class='ocrx_word' id='word_1_28' title='bbox 213 622 559 705; x_wconf 80' lang='lat' dir='ltr'>pertimesco.</span> <span class='ocrx_word' id='word_1_29' title='bbox 605 627 738 681; x_wconf 86' lang='lat' dir='ltr'>haec</span> <span class='ocrx_word' id='word_1_30' title='bbox 760 642 985 701; x_wconf 86' lang='lat' dir='ltr'>quoque</span> <span class='ocrx_word' id='word_1_31' title='bbox 1003 624 1243 700; x_wconf 83' lang='lat' dir='ltr'><strong>pericula</strong></span> <span class='ocrx_word' id='word_1_32' title='bbox 1258 638 1417 685; x_wconf 72' lang='lat' dir='ltr'><strong>tanta</strong></span> 
     </span>
     <span class='ocr_line' id='line_1_7' title="bbox 214 706 1417 789; baseline 0 -20"><span class='ocrx_word' id='word_1_33' title='bbox 214 707 260 769; x_wconf 86' lang='lat' dir='ltr'>fi</span> <span class='ocrx_word' id='word_1_34' title='bbox 288 708 557 787; x_wconf 77' lang='lat' dir='ltr'>effugere,</span> <span class='ocrx_word' id='word_1_35' title='bbox 585 706 778 767; x_wconf 80' lang='lat' dir='ltr'>satisne</span> <span class='ocrx_word' id='word_1_36' title='bbox 809 724 988 767; x_wconf 86' lang='lat' dir='ltr'>tutum</span> <span class='ocrx_word' id='word_1_37' title='bbox 1006 709 1239 768; x_wconf 86' lang='lat' dir='ltr'>reditum</span> <span class='ocrx_word' id='word_1_38' title='bbox 1257 726 1417 789; x_wconf 84' lang='lat' dir='ltr'><strong>puta·</strong></span> 
     </span>
     <span class='ocr_line' id='line_1_8' title="bbox 215 793 1421 870; baseline -0.002 -15"><span class='ocrx_word' id='word_1_39' title='bbox 215 796 292 855; x_wconf 76' lang='lat' dir='ltr'>tis</span> <span class='ocrx_word' id='word_1_40' title='bbox 305 795 454 857; x_wconf 84' lang='lat' dir='ltr'>fore?</span> <span class='ocrx_word' id='word_1_41' title='bbox 481 817 605 856; x_wconf 86' lang='lat' dir='ltr'>curn</span> <span class='ocrx_word' id='word_1_42' title='bbox 625 796 774 853; x_wconf 88' lang='lat' dir='ltr'><strong>enim</strong></span> <span class='ocrx_word' id='word_1_43' title='bbox 803 809 862 851; x_wconf 88' lang='lat' dir='ltr'>et</span> <span class='ocrx_word' id='word_1_44' title='bbox 878 793 1047 853; x_wconf 85' lang='lat' dir='ltr'>vestra</span> <span class='ocrx_word' id='word_1_45' title='bbox 1070 797 1421 870; x_wconf 64' lang='lat' dir='ltr'><strong>auctoritate,</strong></span> 
     </span>
     <span class='ocr_line' id='line_1_9' title="bbox 213 879 1418 953; baseline 0 -12"><span class='ocrx_word' id='word_1_46' title='bbox 213 897 272 941; x_wconf 85' lang='lat' dir='ltr'>et</span> <span class='ocrx_word' id='word_1_47' title='bbox 286 903 414 943; x_wconf 86' lang='lat' dir='ltr'>meo</span> <span class='ocrx_word' id='word_1_48' title='bbox 441 902 528 943; x_wconf 83' lang='lat' dir='ltr'>me</span> <span class='ocrx_word' id='word_1_49' title='bbox 557 902 710 941; x_wconf 85' lang='lat' dir='ltr'>more</span> <span class='ocrx_word' id='word_1_50' title='bbox 737 879 1058 953; x_wconf 82' lang='lat' dir='ltr'>defendero,</span> <span class='ocrx_word' id='word_1_51' title='bbox 1088 895 1145 939; x_wconf 88' lang='lat' dir='ltr'>et</span> <span class='ocrx_word' id='word_1_52' title='bbox 1163 902 1335 939; x_wconf 85' lang='lat' dir='ltr'>meam</span> <span class='ocrx_word' id='word_1_53' title='bbox 1352 881 1418 941; x_wconf 81' lang='lat' dir='ltr'>fi-</span> 
     </span>
     <span class='ocr_line' id='line_1_10' title="bbox 215 964 1418 1048; baseline -0.001 -21"><span class='ocrx_word' id='word_1_54' title='bbox 215 967 344 1029; x_wconf 84' lang='lat' dir='ltr'>dem</span> <span class='ocrx_word' id='word_1_55' title='bbox 357 969 682 1048; x_wconf 82' lang='lat' dir='ltr'>reipublicae</span> <span class='ocrx_word' id='word_1_56' title='bbox 701 964 1175 1045; x_wconf 81' lang='lat' dir='ltr'>constantiamque</span> <span class='ocrx_word' id='word_1_57' title='bbox 1196 966 1418 1045; x_wconf 85' lang='lat' dir='ltr'><strong>praesti·</strong></span> 
     </span>
     <span class='ocr_line' id='line_1_11' title="bbox 215 1050 1418 1133; baseline -0.001 -20"><span class='ocrx_word' id='word_1_58' title='bbox 215 1068 360 1128; x_wconf 83' lang='lat' dir='ltr'>tero,</span> <span class='ocrx_word' id='word_1_59' title='bbox 383 1070 501 1113; x_wconf 85' lang='lat' dir='ltr'>tum</span> <span class='ocrx_word' id='word_1_60' title='bbox 515 1069 682 1113; x_wconf 85' lang='lat' dir='ltr'>erunt</span> <span class='ocrx_word' id='word_1_61' title='bbox 714 1054 848 1112; x_wconf 81' lang='lat' dir='ltr'><strong>mihi</strong></span> <span class='ocrx_word' id='word_1_62' title='bbox 877 1072 995 1111; x_wconf 86' lang='lat' dir='ltr'>non</span> <span class='ocrx_word' id='word_1_63' title='bbox 1018 1054 1076 1111; x_wconf 89' lang='lat' dir='ltr'>hi</span> <span class='ocrx_word' id='word_1_64' title='bbox 1102 1050 1297 1126; x_wconf 85' lang='lat' dir='ltr'>solum,</span> <span class='ocrx_word' id='word_1_65' title='bbox 1322 1055 1418 1133; x_wconf 88' lang='lat' dir='ltr'>qui</span> 
     </span>
     <span class='ocr_line' id='line_1_12' title="bbox 213 1138 1417 1215; baseline -0.004 -14"><span class='ocrx_word' id='word_1_66' title='bbox 213 1158 306 1201; x_wconf 85' lang='lat' dir='ltr'>me</span> <span class='ocrx_word' id='word_1_67' title='bbox 319 1140 578 1212; x_wconf 83' lang='lat' dir='ltr'><strong>oderunt,</strong></span> <span class='ocrx_word' id='word_1_68' title='bbox 602 1138 692 1198; x_wconf 86' lang='lat' dir='ltr'>sed</span> <span class='ocrx_word' id='word_1_69' title='bbox 707 1138 788 1197; x_wconf 87' lang='lat' dir='ltr'>illi</span> <span class='ocrx_word' id='word_1_70' title='bbox 803 1140 994 1211; x_wconf 82' lang='lat' dir='ltr'>etiam,</span> <span class='ocrx_word' id='word_1_71' title='bbox 1024 1141 1121 1215; x_wconf 86' lang='lat' dir='ltr'>qui</span> <span class='ocrx_word' id='word_1_72' title='bbox 1140 1139 1417 1212; x_wconf 81' lang='lat' dir='ltr'>invident,</span> 
     </span>
     <span class='ocr_line' id='line_1_13' title="bbox 215 1223 1421 1301; baseline -0.003 -15"><span class='ocrx_word' id='word_1_73' title='bbox 215 1224 620 1286; x_wconf 78' lang='lat' dir='ltr'><strong>extimescendi.</strong></span> <span class='ocrx_word' id='word_1_74' title='bbox 667 1223 999 1284; x_wconf 84' lang='lat' dir='ltr'>custodiatur</span> <span class='ocrx_word' id='word_1_75' title='bbox 1014 1224 1181 1301; x_wconf 79' lang='lat' dir='ltr'>igitur</span> <span class='ocrx_word' id='word_1_76' title='bbox 1196 1244 1317 1283; x_wconf 85' lang='lat' dir='ltr'>mea</span> <span class='ocrx_word' id='word_1_77' title='bbox 1332 1226 1421 1282; x_wconf 85' lang='lat' dir='ltr'>vi·</span> 
     </span>
     <span class='ocr_line' id='line_1_14' title="bbox 219 1309 1419 1391; baseline -0.004 -19"><span class='ocrx_word' id='word_1_78' title='bbox 219 1327 279 1372; x_wconf 83' lang='lat' dir='ltr'>ta</span> <span class='ocrx_word' id='word_1_79' title='bbox 299 1311 648 1391; x_wconf 76' lang='lat' dir='ltr'>reipublicae,</span> <span class='ocrx_word' id='word_1_80' title='bbox 687 1330 881 1389; x_wconf 75' lang='lat' dir='ltr'><strong>eaque,</strong></span> <span class='ocrx_word' id='word_1_81' title='bbox 916 1309 1101 1389; x_wconf 78' lang='lat' dir='ltr'>quoad</span> <span class='ocrx_word' id='word_1_82' title='bbox 1122 1310 1215 1369; x_wconf 70' lang='lat' dir='ltr'>ve}</span> <span class='ocrx_word' id='word_1_83' title='bbox 1236 1310 1419 1387; x_wconf 81' lang='lat' dir='ltr'><strong>digni.</strong></span> 
     </span>
     <span class='ocr_line' id='line_1_15' title="bbox 217 1394 1425 1477; baseline 0.001 -21"><span class='ocrx_word' id='word_1_84' title='bbox 217 1412 330 1473; x_wconf 68' lang='lat' dir='ltr'>tas,</span> <span class='ocrx_word' id='word_1_85' title='bbox 361 1398 452 1457; x_wconf 88' lang='lat' dir='ltr'>vel</span> <span class='ocrx_word' id='word_1_86' title='bbox 473 1414 668 1457; x_wconf 81' lang='lat' dir='ltr'>natura</span> <span class='ocrx_word' id='word_1_87' title='bbox 683 1399 943 1477; x_wconf 71' lang='lat' dir='ltr'>patietur,</span> <span class='ocrx_word' id='word_1_88' title='bbox 962 1398 1167 1474; x_wconf 82' lang='lat' dir='ltr'>patriae</span> <span class='ocrx_word' id='word_1_89' title='bbox 1190 1394 1425 1457; x_wconf 62' lang='lat' dir='ltr'>veserve·</span> 
     </span>
     <span class='ocr_line' id='line_1_16' title="bbox 219 1481 1421 1545; baseline -0.002 -1"><span class='ocrx_word' id='word_1_90' title='bbox 219 1498 314 1545; x_wconf 78' lang='lat' dir='ltr'>nn·</span> <span class='ocrx_word' id='word_1_91' title='bbox 331 1506 350 1543; x_wconf 72' lang='grc' dir='ltr'><strong>ε</strong></span> <span class='ocrx_word' id='word_1_92' title='bbox 381 1504 540 1543; x_wconf 67' lang='lat' dir='ltr'><strong>mors</strong></span> <span class='ocrx_word' id='word_1_93' title='bbox 551 1498 734 1541; x_wconf 80' lang='lat' dir='ltr'><strong>autem</strong></span> <span class='ocrx_word' id='word_1_94' title='bbox 751 1481 1111 1541; x_wconf 74' lang='lat' dir='ltr'>necessitatem</span> <span class='ocrx_word' id='word_1_95' title='bbox 1125 1484 1319 1541; x_wconf 81' lang='lat' dir='ltr'>habeat</span> <span class='ocrx_word' id='word_1_96' title='bbox 1340 1481 1421 1541; x_wconf 75' lang='lat' dir='ltr'>fa.-</span> 
     </span>
     <span class='ocr_line' id='line_1_17' title="bbox 219 1566 1423 1649; baseline -0.002 -19"><span class='ocrx_word' id='word_1_97' title='bbox 219 1572 287 1647; x_wconf 85' lang='lat' dir='ltr'>ti,</span> <span class='ocrx_word' id='word_1_98' title='bbox 314 1584 430 1643; x_wconf 80' lang='lat' dir='ltr'><strong>aut,</strong></span> <span class='ocrx_word' id='word_1_99' title='bbox 457 1568 499 1627; x_wconf 86' lang='lat' dir='ltr'><strong>fi</strong></span> <span class='ocrx_word' id='word_1_100' title='bbox 521 1584 650 1629; x_wconf 83' lang='lat' dir='ltr'><strong>ante</strong></span> <span class='ocrx_word' id='word_1_101' title='bbox 679 1566 991 1649; x_wconf 83' lang='lat' dir='ltr'>oppetenda</span> <span class='ocrx_word' id='word_1_102' title='bbox 1004 1566 1103 1642; x_wconf 84' lang='lat' dir='ltr'>est,</span> <span class='ocrx_word' id='word_1_103' title='bbox 1126 1582 1423 1648; x_wconf 82' lang='lat' dir='ltr'>oppetatur</span> 
     </span>
     <span class='ocr_line' id='line_1_18' title="bbox 217 1652 1425 1732; baseline -0.003 -15"><span class='ocrx_word' id='word_1_104' title='bbox 217 1674 344 1717; x_wconf 78' lang='lat' dir='ltr'>eum</span> <span class='ocrx_word' id='word_1_105' title='bbox 368 1656 562 1732; x_wconf 84' lang='lat' dir='ltr'><strong>gloria.</strong></span> <span class='ocrx_word' id='word_1_106' title='bbox 609 1659 739 1714; x_wconf 81' lang='lat' dir='ltr'>haec</span> <span class='ocrx_word' id='word_1_107' title='bbox 755 1674 877 1713; x_wconf 83' lang='lat' dir='ltr'>cum</span> <span class='ocrx_word' id='word_1_108' title='bbox 895 1655 971 1713; x_wconf 75' lang='lat' dir='ltr'>ita</span> <span class='ocrx_word' id='word_1_109' title='bbox 1002 1652 1127 1729; x_wconf 71' lang='lat' dir='ltr'>lint,</span> <span class='ocrx_word' id='word_1_110' title='bbox 1157 1653 1251 1713; x_wconf 77' lang='lat' dir='ltr'>etsi</span> <span class='ocrx_word' id='word_1_111' title='bbox 1280 1658 1425 1713; x_wconf 80' lang='lat' dir='ltr'>hanc</span> 
     </span>
     <span class='ocr_line' id='line_1_19' title="bbox 219 1738 1423 1820; baseline -0.004 -18"><span class='ocrx_word' id='word_1_112' title='bbox 219 1741 552 1819; x_wconf 79' lang='lat' dir='ltr'><strong>legationem</strong></span> <span class='ocrx_word' id='word_1_113' title='bbox 589 1738 907 1820; x_wconf 82' lang='lat' dir='ltr'>respublica,</span> <span class='ocrx_word' id='word_1_114' title='bbox 950 1754 1016 1797; x_wconf 87' lang='lat' dir='ltr'>ut</span> <span class='ocrx_word' id='word_1_115' title='bbox 1051 1740 1306 1799; x_wconf 77' lang='lat' dir='ltr'>levissime</span> <span class='ocrx_word' id='word_1_116' title='bbox 1337 1740 1423 1799; x_wconf 83' lang='lat' dir='ltr'>di·</span> 
     </span>
     <span class='ocr_line' id='line_1_20' title="bbox 200 1824 1422 1901; baseline -0.004 -12"><span class='ocrx_word' id='word_1_117' title='bbox 200 1824 365 1901; x_wconf 59' lang='grc' dir='ltr'>ἐπὶ,</span> <span class='ocrx_word' id='word_1_118' title='bbox 388 1846 507 1886; x_wconf 85' lang='lat' dir='ltr'>non</span> <span class='ocrx_word' id='word_1_119' title='bbox 521 1824 817 1899; x_wconf 83' lang='lat' dir='ltr'><strong>defiderat;</strong></span> <span class='ocrx_word' id='word_1_120' title='bbox 842 1841 1052 1899; x_wconf 83' lang='lat' dir='ltr'>tamen,</span> <span class='ocrx_word' id='word_1_121' title='bbox 1089 1824 1126 1883; x_wconf 86' lang='lat' dir='ltr'>fi</span> <span class='ocrx_word' id='word_1_122' title='bbox 1150 1839 1274 1884; x_wconf 85' lang='lat' dir='ltr'><strong>tuto</strong></span> <span class='ocrx_word' id='word_1_123' title='bbox 1289 1825 1422 1884; x_wconf 85' lang='lat' dir='ltr'><strong>lice·</strong></span> 
     </span>
     <span class='ocr_line' id='line_1_21' title="bbox 221 1909 1421 1992; baseline -0.006 -17"><span class='ocrx_word' id='word_1_124' title='bbox 221 1916 306 1975; x_wconf 84' lang='lat' dir='ltr'>bit</span> <span class='ocrx_word' id='word_1_125' title='bbox 320 1916 423 1986; x_wconf 83' lang='lat' dir='ltr'>ire,</span> <span class='ocrx_word' id='word_1_126' title='bbox 440 1909 768 1992; x_wconf 82' lang='lat' dir='ltr'>proficiscar.</span> <span class='ocrx_word' id='word_1_127' title='bbox 801 1911 1061 1985; x_wconf 86' lang='lat' dir='ltr'>omnino,</span> <span class='ocrx_word' id='word_1_128' title='bbox 1080 1918 1263 1971; x_wconf 77' lang='lat' dir='ltr'><strong>Patres</strong></span> <span class='ocrx_word' id='word_1_129' title='bbox 1280 1930 1421 1970; x_wconf 89' lang='lat' dir='ltr'>con-</span> 
     </span>
     <span class='ocr_line' id='line_1_22' title="bbox 221 1994 1421 2079; baseline -0.003 -19"><span class='ocrx_word' id='word_1_130' title='bbox 221 1998 435 2079; x_wconf 77' lang='lat' dir='ltr'>scripti,</span> <span class='ocrx_word' id='word_1_131' title='bbox 449 2011 628 2057; x_wconf 80' lang='lat' dir='ltr'>tutum</span> <span class='ocrx_word' id='word_1_132' title='bbox 650 1996 875 2073; x_wconf 82' lang='lat' dir='ltr'>hujusce</span> <span class='ocrx_word' id='word_1_133' title='bbox 894 1999 971 2055; x_wconf 84' lang='lat' dir='ltr'>rei</span> <span class='ocrx_word' id='word_1_134' title='bbox 994 1994 1277 2057; x_wconf 86' lang='lat' dir='ltr'><strong>confilium</strong></span> <span class='ocrx_word' id='word_1_135' title='bbox 1300 2017 1421 2057; x_wconf 75' lang='lat' dir='ltr'>non</span> 
     </span>
     <span class='ocr_line' id='line_1_23' title="bbox 222 2083 1423 2167; baseline -0.002 -24"><span class='ocrx_word' id='word_1_136' title='bbox 222 2085 472 2167; x_wconf 63' lang='lat' dir='ltr'>pen-{culo</span> <span class='ocrx_word' id='word_1_137' title='bbox 508 2105 655 2158; x_wconf 81' lang='lat' dir='ltr'>mee,</span> <span class='ocrx_word' id='word_1_138' title='bbox 694 2083 782 2142; x_wconf 86' lang='lat' dir='ltr'>sed</span> <span class='ocrx_word' id='word_1_139' title='bbox 829 2083 1067 2142; x_wconf 84' lang='lat' dir='ltr'><strong>utilitate</strong></span> <span class='ocrx_word' id='word_1_140' title='bbox 1096 2083 1423 2162; x_wconf 67' lang='lat' dir='ltr'>rq&#39;ipublicae</span> 
     </span>
    </p>
   </div>
   <div class='ocr_carea' id='block_1_5' title="bbox 221 2168 1525 2249">
    <p class='ocr_par' dir='ltr' id='par_1_5' title="bbox 221 2168 1525 2249">
     <span class='ocr_line' id='line_1_24' title="bbox 221 2168 1525 2249; baseline -0.004 -16"><span class='ocrx_word' id='word_1_141' title='bbox 221 2173 439 2233; x_wconf 80' lang='lat' dir='ltr'><strong>metiar.</strong></span> <span class='ocrx_word' id='word_1_142' title='bbox 463 2170 532 2230; x_wconf 86' lang='lat' dir='ltr'>de</span> <span class='ocrx_word' id='word_1_143' title='bbox 547 2172 805 2249; x_wconf 78' lang='lat' dir='ltr'><strong>quamihi</strong></span> <span class='ocrx_word' id='word_1_144' title='bbox 821 2170 1084 2249; x_wconf 85' lang='lat' dir='ltr'><strong>quoniam</strong></span> <span class='ocrx_word' id='word_1_145' title='bbox 1103 2168 1333 2228; x_wconf 74' lang='lat' dir='ltr'>libemm</span> <span class='ocrx_word' id='word_1_146' title='bbox 1350 2168 1425 2229; x_wconf 87' lang='lat' dir='ltr'>est</span> <span class='ocrx_word' id='word_1_147' title='bbox 1514 2180 1525 2193; x_wconf 84' lang='lat'>&#39;</span> 
     </span>
    </p>
   </div>
   <div class='ocr_carea' id='block_1_6' title="bbox 219 2256 1425 2599">
    <p class='ocr_par' dir='ltr' id='par_1_6' title="bbox 219 2256 1425 2599">
     <span class='ocr_line' id='line_1_25' title="bbox 221 2256 1425 2339; baseline -0.002 -23"><span class='ocrx_word' id='word_1_148' title='bbox 221 2256 479 2339; x_wconf 67' lang='lat' dir='ltr'>spatium,</span> <span class='ocrx_word' id='word_1_149' title='bbox 499 2256 732 2315; x_wconf 84' lang='lat' dir='ltr'><strong>multum</strong></span> <span class='ocrx_word' id='word_1_150' title='bbox 748 2259 909 2314; x_wconf 80' lang='lat' dir='ltr'>etiam</span> <span class='ocrx_word' id='word_1_151' title='bbox 928 2270 1093 2333; x_wconf 70' lang='lat' dir='ltr'><strong>atque</strong></span> <span class='ocrx_word' id='word_1_152' title='bbox 1104 2257 1266 2313; x_wconf 81' lang='lat' dir='ltr'><strong>etiam</strong></span> <span class='ocrx_word' id='word_1_153' title='bbox 1283 2274 1425 2313; x_wconf 70' lang='lat' dir='ltr'>coa·</span> 
     </span>
     <span class='ocr_line' id='line_1_26' title="bbox 219 2339 1425 2420; baseline -0.003 -17"><span class='ocrx_word' id='word_1_154' title='bbox 219 2341 562 2403; x_wconf 79' lang='lat' dir='ltr'><strong>fiderandum</strong></span> <span class='ocrx_word' id='word_1_155' title='bbox 577 2357 737 2420; x_wconf 76' lang='lat' dir='ltr'>puto,</span> <span class='ocrx_word' id='word_1_156' title='bbox 767 2342 934 2419; x_wconf 86' lang='lat' dir='ltr'>idque</span> <span class='ocrx_word' id='word_1_157' title='bbox 948 2340 1276 2419; x_wconf 78' lang='lat' dir='ltr'><strong>potiffimum</strong></span> <span class='ocrx_word' id='word_1_158' title='bbox 1288 2339 1425 2399; x_wconf 80' lang='lat' dir='ltr'><strong>faci·</strong></span> 
     </span>
     <span class='ocr_line' id='line_1_27' title="bbox 219 2424 1425 2507; baseline -0.002 -18"><span class='ocrx_word' id='word_1_159' title='bbox 219 2427 450 2502; x_wconf 78' lang='lat' dir='ltr'><strong>endum,</strong></span> <span class='ocrx_word' id='word_1_160' title='bbox 473 2426 623 2507; x_wconf 82' lang='lat' dir='ltr'>quod</span> <span class='ocrx_word' id='word_1_161' title='bbox 647 2430 885 2489; x_wconf 75' lang='lat' dir='ltr'>maxime</span> <span class='ocrx_word' id='word_1_162' title='bbox 905 2424 1151 2489; x_wconf 65' lang='lat' dir='ltr'>interessk</span> <span class='ocrx_word' id='word_1_163' title='bbox 1166 2424 1425 2505; x_wconf 77' lang='lat' dir='ltr'>reipubli-</span> 
     </span>
     <span class='ocr_line' id='line_1_28' title="bbox 221 2512 679 2599; baseline -0.007 -17"><span class='ocrx_word' id='word_1_164' title='bbox 221 2534 318 2582; x_wconf 59' lang='grc' dir='ltr'>ω</span> <span class='ocrx_word' id='word_1_165' title='bbox 331 2512 679 2599; x_wconf 62' lang='lat' dir='ltr'><strong>judicavero·</strong></span> 
     </span>
    </p>
   </div>
  </div>
 </body>
</html>
